%% This BibTeX bibliography file was created using BibDesk.
%% http://bibdesk.sourceforge.net/


%% Created for jasch at 2014-01-30 08:23:18 +0100 


%% Saved with string encoding Unicode (UTF-8) 



@inproceedings{Someone:13,
	Address = {Stockholm},
	Author = {A. Someone and B. Someone and C. Someone},
	Booktitle = {Proc. Int. Conf. Sound and Music Computing},
	Pages = {213--218},
	Title = {The title of the conf paper},
	Year = {2013}}

@article{Someone:09,
	Author = {A. Someone and B. Someone and C. Someone},
	Journal = {J. New Music Research},
	Number = {2},
	Pages = {111--222},
	Title = {The title of the journal paper},
	Volume = {12},
	Year = {2009}}

@book{Someone:04,
	Author = {X. Someone and Y. Someone},
	Publisher = {Springer-Verlag},
	Title = {The Title of the Book},
	Year = {2004}}
