%% This BibTeX bibliography file was created using BibDesk.
%% http://bibdesk.sourceforge.net/


%% Created for jasch at 2014-04-08 14:08:17 +0200 


%% Saved with string encoding Unicode (UTF-8) 



@article{Miyama_2013,
	Author = {Chikashi Miyama and Jan C. Schacher and Nils Peters},
	Date-Added = {2014-04-07 08:50:15 +0000},
	Date-Modified = {2014-04-07 08:50:15 +0000},
	Journal = {Journal of the Japanese Society for Sonic Arts},
	Number = {3},
	Organization = {Japanese Society for Sonic Arts},
	Pages = {1--5},
	Title = {{Spatdif Library -- Implementing the Spatial Sound Descriptor Interchange Format}},
	Volume = {5},
	Year = {2013}}

@url{openframeworks,
	Date-Added = {2014-04-01 08:49:50 +0000},
	Date-Modified = {2014-04-01 15:21:02 +0000},
	Lastchecked = {20140401},
	Title = {http://www.openframeworks.cc},
	Urldate = {http://www.openframeworks.cc}}

@misc{SpatDIF:Specs,
	Author = {Nils Peters and Jan C. Schacher and Trond Lossius},
	Date-Added = {2013-11-15 07:23:59 +0000},
	Date-Modified = {2013-11-15 07:23:59 +0000},
	Howpublished = {\url{http://redmine.spatdif.org/projects/spatdif/files}},
	Title = {Specification of the Spatial Sound Description Interchange Format ({SpatDIF}) V. 0.3},
	Year = {2010-2012}}

@techreport{Schmeder_2008,
	Abstract = {Since its introduction in 1997 by CNMAT researchers Matt Wright and Adrian Freed, the Open Sound Control (OSC) protocol has been successfully integrated into dozens of hardware and software products, and used in thousands of performances and installations. OSC goes beyond MIDI by addressing needs specific to musical performance with new electronic instruments such as high-bandwidth connectivity, precise temporal semantics and temporal regularization, extensibility and rich type support, human readability and state-free operation. The OSC protocol itself has a simple structure making it easy to integrate into new applications, but an appreciation for the underlying design principles is necessary to leverage its full capabilities.

This talk covers the basics of using and programming OSC with demonstrations of hardware and software implementations. We will then dive into the details and discuss best-practices for creating OSC implementations that relate to issues in musical control, with an emphasis on temporal semantics and related algorithms. The conclusion will include an overview of recent research and anticipated future developments.
},
	Author = {Schmeder, Andy},
	Date-Added = {2013-10-29 09:32:09 +0000},
	Date-Modified = {2013-10-29 09:32:19 +0000},
	Month = {3},
	Organization = {Center for New Music and Audio Technologies, University of California, Berkeley},
	Title = {Everything you ever wanted to know about Open Sound Control},
	Year = {2008}}

@conference{Wessel_2002,
	Abstract = {In this demonstration we will show a variety of computer-based musical instruments designed for live performance. Our design criteria include initial ease of use coupled with a long term potential for virtuosity, minimal and low variance latency, and clear and simple strategies for programming the relationship between gesture and musical result. We present custom controllers and unique adaptations of standard gestural interfaces, a programmable connectivity processor, a communications protocol called Open Sound Control (OSC), and a variety of metaphors for musical control.},
	Address = {Dublin, Ireland},
	Author = {Wessel, David and Wright, Matthew and Schott, John},
	Booktitle = {Proceedings of the Conference on New Interfaces for Musical Expression},
	Date-Added = {2013-10-29 09:26:35 +0000},
	Date-Modified = {2013-11-11 05:22:21 +0000},
	Pages = {192--194},
	Title = {Intimate musical control of computers with a variety of controllers and gesture mapping metaphors},
	Year = {2002},
	Bdsk-Url-1 = {http://www.nime.org/proceedings/2002/nime2002_192.pdf}}

@article{Peters:2013SpatDifCMJ,
	Author = {Nils Peters and Trond Lossius and Jan C Schacher},
	Date-Added = {2013-10-20 08:08:32 +0000},
	Date-Modified = {2013-10-20 09:31:22 +0000},
	Doi = {10.1162/COMJ_a_00167},
	Journal = {Computer Music Journal},
	Number = {1},
	Pages = {11--22},
	Publisher = {MIT Press},
	Title = {{The Spatial Sound Description Interchange Format: Principles, Specification, and Examples}},
	Volume = {37},
	Year = {2013},
	Bdsk-Url-1 = {http://dx.doi.org/10.1162/COMJ_a_00167}}

@inproceedings{Place:2008params,
	Author = {Timothy Place and Trond Lossius and Alexander Refsum Jensenius and Nils Peters},
	Booktitle = {Proc. of the International Computer Music Conference},
	Date-Added = {2012-09-13 14:09:06 +0000},
	Date-Modified = {2012-10-31 19:41:56 +0900},
	Keywords = {Max, Jamoma, ICMC10},
	Pages = {233--236},
	Rating = {2},
	Title = {Flexible control of composite parameters in {Max/MSP}},
	Year = {2008},
	Bdsk-File-1 = {YnBsaXN0MDDUAQIDBAUGJCVYJHZlcnNpb25YJG9iamVjdHNZJGFyY2hpdmVyVCR0b3ASAAGGoKgHCBMUFRYaIVUkbnVsbNMJCgsMDxJXTlMua2V5c1pOUy5vYmplY3RzViRjbGFzc6INDoACgAOiEBGABIAFgAdccmVsYXRpdmVQYXRoWWFsaWFzRGF0YV8QQy4uLy4uLy4uLy4uLy4uLy4uL1VzZXJzL3RpbS9Eb2N1bWVudHMvQmliL1BsYWNlL2phbW9tYS1pY21jMjAwOC5wZGbSFwsYGVdOUy5kYXRhTxEBigAAAAABigACAAAEbGltZQAAAAAAAAAAAAAAAAAAAAAAAAAAAAAAxycLgUgrAAAAEirWE2phbW9tYS1pY21jMjAwOC5wZGYAAAAAAAAAAAAAAAAAAAAAAAAAAAAAAAAAAAAAAAAAAAAAAAAAAAAAAAAAAAAhgBvHPppSAAAAAAAAAAAABgAGAAAJIAAAAAAAAAAAAAAAAAAAAAVQbGFjZQAAEAAIAADHJ1/hAAAAEQAIAADHPu6yAAAAAQAUABIq1gASKgQABa32AAWt6QAAk9gAAgA2bGltZTpVc2Vyczp0aW06RG9jdW1lbnRzOkJpYjpQbGFjZTpqYW1vbWEtaWNtYzIwMDgucGRmAA4AKAATAGoAYQBtAG8AbQBhAC0AaQBjAG0AYwAyADAAMAA4AC4AcABkAGYADwAKAAQAbABpAG0AZQASADFVc2Vycy90aW0vRG9jdW1lbnRzL0JpYi9QbGFjZS9qYW1vbWEtaWNtYzIwMDgucGRmAAATAAEvAAAVAAIACv//AACABtIbHB0eWiRjbGFzc25hbWVYJGNsYXNzZXNdTlNNdXRhYmxlRGF0YaMdHyBWTlNEYXRhWE5TT2JqZWN00hscIiNcTlNEaWN0aW9uYXJ5oiIgXxAPTlNLZXllZEFyY2hpdmVy0SYnVHJvb3SAAQAIABEAGgAjAC0AMgA3AEAARgBNAFUAYABnAGoAbABuAHEAcwB1AHcAhACOANQA2QDhAm8CcQJ2AoECigKYApwCowKsArECvgLBAtMC1gLbAAAAAAAAAgEAAAAAAAAAKAAAAAAAAAAAAAAAAAAAAt0=}}

@inproceedings{Place10:AudioGraph,
	Address = {Graz, Austria},
	Author = {Timothy Place and Trond Lossius and Nils Peters},
	Booktitle = {Proc. of the 13th Int'l Conference on Digital Audio Effects},
	Date-Added = {2012-09-13 14:07:37 +0000},
	Date-Modified = {2012-10-31 19:24:02 +0900},
	Keywords = {DAFx10},
	Pages = {69--76},
	Title = {The {Jamoma} Audio Graph Layer},
	Year = {2010}}

@inproceedings{schacher7Years,
	Abstract = {A brief overview of the practice and developments in Ambisonics at the ICST in the last decade is given. The paper traces the evolution of the ICST tools for MaxMSP and a number projects using them in concerts and installations is shown. Finally the current state of the software and the newly available features and implementations are discussed.},
	Address = {Paris, France},
	Author = {Jan C. Schacher},
	Booktitle = {Proc. of the 2nd International Symposium on Ambisonics and Spherical Acoustics},
	Date-Added = {2012-09-13 23:15:59 -0700},
	Date-Modified = {2012-09-13 23:15:59 -0700},
	Title = {Seven Years {ISCT} Ambisonics Tools for {MaxMSP} - A brief report},
	Year = {2010}}

@inproceedings{Place:2008osc,
	Address = {Genova, Italy},
	Author = {Timothy Place and Trond Lossius and Alexander Refsum Jensenius and Nils Peters and Pascal Baltazar},
	Booktitle = {Proc. of the Int'l Conference on New Interfaces for Musical Expression},
	Date-Added = {2012-09-13 15:27:56 +0000},
	Date-Modified = {2012-09-13 15:27:56 +0000},
	Keywords = {Jamoma, Max, osc, ICMC10, SMC09},
	Pages = {181--184},
	Rating = {2},
	Title = {{Addressing Classes by Differentiating Values and Properties in OSC}},
	Year = {2008},
	Bdsk-File-1 = {YnBsaXN0MDDUAQIDBAUGJCVYJHZlcnNpb25YJG9iamVjdHNZJGFyY2hpdmVyVCR0b3ASAAGGoKgHCBMUFRYaIVUkbnVsbNMJCgsMDxJXTlMua2V5c1pOUy5vYmplY3RzViRjbGFzc6INDoACgAOiEBGABIAFgAdccmVsYXRpdmVQYXRoWWFsaWFzRGF0YV8QQy4uLy4uLy4uLy4uLy4uLy4uL1VzZXJzL3RpbS9Eb2N1bWVudHMvQmliL1BsYWNlL2phbW9tYS1uaW1lMjAwOC5wZGbSFwsYGVdOUy5kYXRhTxEBigAAAAABigACAAAEbGltZQAAAAAAAAAAAAAAAAAAAAAAAAAAAAAAxycLgUgrAAAAEirWE2phbW9tYS1uaW1lMjAwOC5wZGYAAAAAAAAAAAAAAAAAAAAAAAAAAAAAAAAAAAAAAAAAAAAAAAAAAAAAAAAAAAAhgBDHPppSAAAAAAAAAAAABgAGAAAJIAAAAAAAAAAAAAAAAAAAAAVQbGFjZQAAEAAIAADHJ1/hAAAAEQAIAADHPu6yAAAAAQAUABIq1gASKgQABa32AAWt6QAAk9gAAgA2bGltZTpVc2Vyczp0aW06RG9jdW1lbnRzOkJpYjpQbGFjZTpqYW1vbWEtbmltZTIwMDgucGRmAA4AKAATAGoAYQBtAG8AbQBhAC0AbgBpAG0AZQAyADAAMAA4AC4AcABkAGYADwAKAAQAbABpAG0AZQASADFVc2Vycy90aW0vRG9jdW1lbnRzL0JpYi9QbGFjZS9qYW1vbWEtbmltZTIwMDgucGRmAAATAAEvAAAVAAIACv//AACABtIbHB0eWiRjbGFzc25hbWVYJGNsYXNzZXNdTlNNdXRhYmxlRGF0YaMdHyBWTlNEYXRhWE5TT2JqZWN00hscIiNcTlNEaWN0aW9uYXJ5oiIgXxAPTlNLZXllZEFyY2hpdmVy0SYnVHJvb3SAAQAIABEAGgAjAC0AMgA3AEAARgBNAFUAYABnAGoAbABuAHEAcwB1AHcAhACOANQA2QDhAm8CcQJ2AoECigKYApwCowKsArECvgLBAtMC1gLbAAAAAAAAAgEAAAAAAAAAKAAAAAAAAAAAAAAAAAAAAt0=}}

@inproceedings{Schumacher2010compositionalControl,
	Address = {Paris, France},
	Author = {Schumacher, Marlon and Jean Bresson},
	Booktitle = {Proc. of the 2nd International Symposium on Ambisonics and Spherical Acoustics},
	Date-Added = {2012-09-13 12:48:19 +0000},
	Date-Modified = {2012-09-26 16:49:08 -0700},
	Title = {Compositional control of periphonic sound spatialization},
	Year = {2010}}

@inproceedings{Schacher_ICMC_2006,
	Address = {New Orleans, USA},
	Author = {Jan C. Schacher and Phillippe Kocher},
	Booktitle = {Proc. of the International Computer Music Conference},
	Date-Added = {2012-09-13 14:44:53 +0200},
	Date-Modified = {2012-10-28 16:46:32 -0700},
	Keywords = {Ambisonics, Spatialsiation, MaxMSP},
	Pages = {274--277},
	Title = {Ambisonics Spatialization Tools for Max/MSP},
	Year = {2006}}

@inproceedings{Neukom:2008ambipan,
	Abstract = {In Ambisonics sound is encoded and stored in multichannel sound files and is decoded for playback. In the en- and decoding process complicated functions are used. In this paper panning functions equivalent to the result of en- and decoding are presented which can be used for real-time panning in an arbitrary high ambisonic order. In the function equivalent to the socalled in-phase decoding the order of ambisonic resolution is just a variable that can be any positive number not restricted to integers and that can be changed during playback. The limitations and advantages of the technique are mentioned, real time applications are described and the computational costs are estimated. The described procedure offers a new intuitive understanding of Ambisonics.
},
	Address = {Belfast, UK},
	Author = {Martin Neukom and Jan Schacher},
	Booktitle = {Proc. of the International Computer Music Conference},
	Date-Added = {2012-08-27 09:43:11 -0700},
	Date-Modified = {2012-10-31 19:40:31 +0900},
	Keywords = {ambisonics, Max, SMC09},
	Pages = {592--595},
	Title = {Ambisonics equivalent panning},
	Year = {2008},
	Bdsk-File-1 = {YnBsaXN0MDDUAQIDBAUGJCVYJHZlcnNpb25YJG9iamVjdHNZJGFyY2hpdmVyVCR0b3ASAAGGoKgHCBMUFRYaIVUkbnVsbNMJCgsMDxJXTlMua2V5c1pOUy5vYmplY3RzViRjbGFzc6INDoACgAOiEBGABIAFgAdccmVsYXRpdmVQYXRoWWFsaWFzRGF0YV8QRi4uLy4uLy4uLy4uL0RvY3VtZW50cy9BcnRpa2xlci9fYmliZGVza19pbmRleGVkL05ldWtvbV8yMDA4YW1iaXBhbi5wZGbSFwsYGVdOUy5kYXRhTxEB5AAAAAAB5AACAAAMTWFjaW50b3NoIEhEAAAAAAAAAAAAAAAAAAAAxqZN5kgrAAAADA1oFk5ldWtvbV8yMDA4YW1iaXBhbi5wZGYAAAAAAAAAAAAAAAAAAAAAAAAAAAAAAAAAAAAAAAAAAAAAAAAAAAAAAAAMDenD/GxCAAAAAAAAAAAABAAEAAAJIAAAAAAAAAAAAAAAAAAAABBfYmliZGVza19pbmRleGVkABAACAAAxqYxxgAAABEACAAAw/xeMgAAAAEAFAAMDWgADA1mAAvgKgAIw4kAAHmLAAIAWk1hY2ludG9zaCBIRDpVc2VyczoAbG9zc2l1czoARG9jdW1lbnRzOgBBcnRpa2xlcjoAX2JpYmRlc2tfaW5kZXhlZDoATmV1a29tXzIwMDhhbWJpcGFuLnBkZgAOAC4AFgBOAGUAdQBrAG8AbQBfADIAMAAwADgAYQBtAGIAaQBwAGEAbgAuAHAAZABmAA8AGgAMAE0AYQBjAGkAbgB0AG8AcwBoACAASABEABIASFVzZXJzL2xvc3NpdXMvRG9jdW1lbnRzL0FydGlrbGVyL19iaWJkZXNrX2luZGV4ZWQvTmV1a29tXzIwMDhhbWJpcGFuLnBkZgATAAEvAAAVAAIADv//AACABtIbHB0eWiRjbGFzc25hbWVYJGNsYXNzZXNdTlNNdXRhYmxlRGF0YaMdHyBWTlNEYXRhWE5TT2JqZWN00hscIiNcTlNEaWN0aW9uYXJ5oiIgXxAPTlNLZXllZEFyY2hpdmVy0SYnVHJvb3SAAQAIABEAGgAjAC0AMgA3AEAARgBNAFUAYABnAGoAbABuAHEAcwB1AHcAhACOANcA3ADkAswCzgLTAt4C5wL1AvkDAAMJAw4DGwMeAzADMwM4AAAAAAAAAgEAAAAAAAAAKAAAAAAAAAAAAAAAAAAAAzo=}}

@article{CMJ08-VIMIC,
	Author = {Braasch, Jonas and Peters, Nils and Valente, Daniel L.},
	Date-Added = {2012-08-27 09:42:58 -0700},
	Date-Modified = {2012-10-31 19:39:54 +0900},
	Journal = {Computer Music Journal},
	Keywords = {spatialisation, SMC09, ICMC10, ViMiC},
	Number = {3},
	Pages = {55--71},
	Title = {A Loudspeaker-Based Projection Technique for Spatial Music Applications Using Virtual Microphone Control},
	Volume = {32},
	Year = {2008},
	Bdsk-Url-1 = {http://www.mitpressjournals.org/doi/pdf/10.1162/comj.2008.32.3.55}}

@conference{lossius:2009,
	Address = {Montreal, Canada},
	Author = {Trond Lossius and Pascal Baltazar and Th{\'e}o de la Hogue},
	Booktitle = {Proc. of 2009 International Computer Music Conference},
	Date-Added = {2012-08-27 09:42:10 -0700},
	Date-Modified = {2012-08-27 09:42:10 -0700},
	Keywords = {ICMC10, SMC09, dbap},
	Pages = {489-492},
	Rating = {2},
	Title = {{DBAP - Distance-Based Amplitude Panning}},
	Year = {2009},
	Bdsk-File-1 = {YnBsaXN0MDDUAQIDBAUGJCVYJHZlcnNpb25YJG9iamVjdHNZJGFyY2hpdmVyVCR0b3ASAAGGoKgHCBMUFRYaIVUkbnVsbNMJCgsMDxJXTlMua2V5c1pOUy5vYmplY3RzViRjbGFzc6INDoACgAOiEBGABIAFgAdccmVsYXRpdmVQYXRoWWFsaWFzRGF0YV8QQy4uLy4uLy4uLy4uLy4uLy4uL1VzZXJzL3RpbS9Eb2N1bWVudHMvQmliL0xvc3NpdXMvaWNtYzIwMDktZGJhcC5wZGbSFwsYGVdOUy5kYXRhTxEBiAAAAAABiAACAAAEbGltZQAAAAAAAAAAAAAAAAAAAAAAAAAAAAAAxycLgUgrAAAAEiqxEWljbWMyMDA5LWRiYXAucGRmAAAAAAAAAAAAAAAAAAAAAAAAAAAAAAAAAAAAAAAAAAAAAAAAAAAAAAAAAAAAAAAhgAPHPppTAAAAAAAAAAAABgAGAAAJIAAAAAAAAAAAAAAAAAAAAAdMb3NzaXVzAAAQAAgAAMcnX+EAAAARAAgAAMc+7rMAAAABABQAEiqxABIqBAAFrfYABa3pAACT2AACADZsaW1lOlVzZXJzOnRpbTpEb2N1bWVudHM6QmliOkxvc3NpdXM6aWNtYzIwMDktZGJhcC5wZGYADgAkABEAaQBjAG0AYwAyADAAMAA5AC0AZABiAGEAcAAuAHAAZABmAA8ACgAEAGwAaQBtAGUAEgAxVXNlcnMvdGltL0RvY3VtZW50cy9CaWIvTG9zc2l1cy9pY21jMjAwOS1kYmFwLnBkZgAAEwABLwAAFQACAAr//wAAgAbSGxwdHlokY2xhc3NuYW1lWCRjbGFzc2VzXU5TTXV0YWJsZURhdGGjHR8gVk5TRGF0YVhOU09iamVjdNIbHCIjXE5TRGljdGlvbmFyeaIiIF8QD05TS2V5ZWRBcmNoaXZlctEmJ1Ryb290gAEACAARABoAIwAtADIANwBAAEYATQBVAGAAZwBqAGwAbgBxAHMAdQB3AIQAjgDUANkA4QJtAm8CdAJ/AogClgKaAqECqgKvArwCvwLRAtQC2QAAAAAAAAIBAAAAAAAAACgAAAAAAAAAAAAAAAAAAALb}}

@article{Pulkki:1997vbap,
	Author = {Pulkki, Ville},
	Date-Added = {2012-08-27 09:41:51 -0700},
	Date-Modified = {2012-10-28 17:09:59 -0700},
	Journal = {J. Audio Eng. Soc.},
	Keywords = {spatialisation, vbap, SMC09},
	Local-Url = {file://localhost/Users/lossius/Documents/Artikler/_bibdesk_indexed/Pulkki_1997vbap.pdf},
	Number = {6},
	Pages = {456-466},
	Title = {Virtual sound source positioning using {Vector Base Amplitude Panning}},
	Volume = {45},
	Year = {1997},
	Bdsk-File-1 = {YnBsaXN0MDDUAQIDBAUGJCVYJHZlcnNpb25YJG9iamVjdHNZJGFyY2hpdmVyVCR0b3ASAAGGoKgHCBMUFRYaIVUkbnVsbNMJCgsMDxJXTlMua2V5c1pOUy5vYmplY3RzViRjbGFzc6INDoACgAOiEBGABIAFgAdccmVsYXRpdmVQYXRoWWFsaWFzRGF0YV8QQy4uLy4uLy4uLy4uL0RvY3VtZW50cy9BcnRpa2xlci9fYmliZGVza19pbmRleGVkL1B1bGtraV8xOTk3dmJhcC5wZGbSFwsYGVdOUy5kYXRhTxEB2gAAAAAB2gACAAAMTWFjaW50b3NoIEhEAAAAAAAAAAAAAAAAAAAAxqZN5kgrAAAADA1oE1B1bGtraV8xOTk3dmJhcC5wZGYAAAAAAAAAAAAAAAAAAAAAAAAAAAAAAAAAAAAAAAAAAAAAAAAAAAAAAAAAAAAMDfjAbUIkAAAAAAAAAAAABAAEAAAJIAAAAAAAAAAAAAAAAAAAABBfYmliZGVza19pbmRleGVkABAACAAAxqYxxgAAABEACAAAwG0mBAAAAAEAFAAMDWgADA1mAAvgKgAIw4kAAHmLAAIAV01hY2ludG9zaCBIRDpVc2VyczoAbG9zc2l1czoARG9jdW1lbnRzOgBBcnRpa2xlcjoAX2JpYmRlc2tfaW5kZXhlZDoAUHVsa2tpXzE5OTd2YmFwLnBkZgAADgAoABMAUAB1AGwAawBrAGkAXwAxADkAOQA3AHYAYgBhAHAALgBwAGQAZgAPABoADABNAGEAYwBpAG4AdABvAHMAaAAgAEgARAASAEVVc2Vycy9sb3NzaXVzL0RvY3VtZW50cy9BcnRpa2xlci9fYmliZGVza19pbmRleGVkL1B1bGtraV8xOTk3dmJhcC5wZGYAABMAAS8AABUAAgAO//8AAIAG0hscHR5aJGNsYXNzbmFtZVgkY2xhc3Nlc11OU011dGFibGVEYXRhox0fIFZOU0RhdGFYTlNPYmplY3TSGxwiI1xOU0RpY3Rpb25hcnmiIiBfEA9OU0tleWVkQXJjaGl2ZXLRJidUcm9vdIABAAgAEQAaACMALQAyADcAQABGAE0AVQBgAGcAagBsAG4AcQBzAHUAdwCEAI4A1ADZAOECvwLBAsYC0QLaAugC7ALzAvwDAQMOAxEDIwMmAysAAAAAAAACAQAAAAAAAAAoAAAAAAAAAAAAAAAAAAADLQ==},
	Bdsk-Url-1 = {http://lib.tkk.fi/Diss/2001/isbn9512255324/}}

@article{Pulkki2007dirac_1,
	Author = {Pulkki, Ville},
	Date-Added = {2012-08-27 09:41:04 -0700},
	Date-Modified = {2012-08-27 09:41:04 -0700},
	Journal = {J. Audio Eng. Soc.},
	Keywords = {spatialisation, vbap, DirAC, SMC09},
	Month = {6},
	Number = {6},
	Pages = {503-516},
	Title = {Spatial Sound Reproduction with Directional Audio Coding},
	Volume = {55},
	Year = {2007}}

@article{melchior2010wave,
	Author = {Melchior, F.},
	Date-Added = {2012-08-21 13:23:26 -0700},
	Date-Modified = {2012-08-21 13:23:26 -0700},
	Journal = {SMPTE Motion Imaging Journal},
	Number = {3},
	Pages = {53--57},
	Publisher = {The Society of Motion Picture and Television Engineers},
	Title = {Wave Field Synthesis and Object-Based Mixing for Motion Picture Sound},
	Volume = {119},
	Year = {2010}}

@techreport{DolbyAtmos,
	Author = {Dolby},
	Date-Added = {2012-08-21 11:46:09 -0700},
	Date-Modified = {2012-08-21 11:48:14 -0700},
	Institution = {Dolby Laboratories, Inc.},
	Title = {Dolby {A}tmos: Next-Generation Audio for Cinema},
	Type = {white paper},
	Year = {2012},
	Bdsk-File-1 = {YnBsaXN0MDDUAQIDBAUGJCVYJHZlcnNpb25YJG9iamVjdHNZJGFyY2hpdmVyVCR0b3ASAAGGoKgHCBMUFRYaIVUkbnVsbNMJCgsMDxJXTlMua2V5c1pOUy5vYmplY3RzViRjbGFzc6INDoACgAOiEBGABIAFgAdccmVsYXRpdmVQYXRoWWFsaWFzRGF0YV8Qcy4uLy4uLy4uLy4uLy4uLy4uL3Zhci9mb2xkZXJzLzkwLzkwTkpFNy1nRmFtcW1tdVdVV2dqR1UrKytUSS8tVG1wLS9Eb2xieS1BdG1vcy1OZXh0LUdlbmVyYXRpb24tQXVkaW8tZm9yLUNpbmVtYS5wZGbSFwsYGVdOUy5kYXRhTxECOgAAAAACOgACAAAMTWFjaW50b3NoIEhEAAAAAAAAAAAAAAAAAAAAyNlATUgrAAADXcYKH0RvbGJ5LUF0bW9zLU5leHQtR2UjMzc3RTY2RS5wZGYAAAAAAAAAAAAAAAAAAAAAAAAAAAAAAAAAAAAAAAAAAAN35m7LyTeFAAAAAAAAAAAABgAHAAAJIAAAAAAAAAAAAAAAAAAAAAUtVG1wLQAAEAAIAADI2aK9AAAAEQAIAADLyZn1AAAAAQAYA13GCgAITGsACExqAABiWQAAANgAAADWAAIAZU1hY2ludG9zaCBIRDpwcml2YXRlOnZhcjpmb2xkZXJzOjkwOjkwTkpFNy1nRmFtcW1tdVdVV2dqR1UrKytUSTotVG1wLTpEb2xieS1BdG1vcy1OZXh0LUdlIzM3N0U2NkUucGRmAAAOAGIAMABEAG8AbABiAHkALQBBAHQAbQBvAHMALQBOAGUAeAB0AC0ARwBlAG4AZQByAGEAdABpAG8AbgAtAEEAdQBkAGkAbwAtAGYAbwByAC0AQwBpAG4AZQBtAGEALgBwAGQAZgAPABoADABNAGEAYwBpAG4AdABvAHMAaAAgAEgARAASAGlwcml2YXRlL3Zhci9mb2xkZXJzLzkwLzkwTkpFNy1nRmFtcW1tdVdVV2dqR1UrKytUSS8tVG1wLS9Eb2xieS1BdG1vcy1OZXh0LUdlbmVyYXRpb24tQXVkaW8tZm9yLUNpbmVtYS5wZGYAABMAAS8A//8AAIAG0hscHR5aJGNsYXNzbmFtZVgkY2xhc3Nlc11OU011dGFibGVEYXRhox0fIFZOU0RhdGFYTlNPYmplY3TSGxwiI1xOU0RpY3Rpb25hcnmiIiBfEA9OU0tleWVkQXJjaGl2ZXLRJidUcm9vdIABAAgAEQAaACMALQAyADcAQABGAE0AVQBgAGcAagBsAG4AcQBzAHUAdwCEAI4BBAEJAREDTwNRA1YDYQNqA3gDfAODA4wDkQOeA6EDswO2A7sAAAAAAAACAQAAAAAAAAAoAAAAAAAAAAAAAAAAAAADvQ==}}

@article{PetersSurvey,
	Author = {Nils Peters and Georgios Marentakis and Stephen McAdams},
	Date-Added = {2012-08-13 15:00:49 -0700},
	Date-Modified = {2012-08-13 15:00:49 -0700},
	Journal = {Computer Music Journal},
	Number = {1},
	Pages = {10--27},
	Title = {Current technologies and compositional practices for spatialization: A qualitative and quantitative analysis},
	Volume = {35},
	Year = {2011},
	Bdsk-Url-1 = {http://muse.jhu.edu/login?uri=/journals/computer_music_journal/v035/35.1.peters.pdf}}

@unpublished{SpatDIF_0.2,
	Author = {Nils Peters and Jan Schacher and Trond Lossius},
	Date-Added = {2012-07-12 22:32:34 -0600},
	Date-Modified = {2012-07-12 22:32:34 -0600},
	Note = {\url{http://redmine.spatdif.org/attachments/download/97/SpatDIF-specs-V0.2.pdf}},
	Title = {SpatDIF specification Version 0.2, draft version - rev. 105},
	Year = {2011}}

@inproceedings{SpatDIF_SMC12,
	Address = {Copenhagen, DK},
	Author = {Nils Peters and Trond Lossius and Jan C. Schacher},
	Booktitle = {Proc. of the 9th Sound and Music Computing Conference},
	Date-Added = {2012-07-12 22:03:32 -0600},
	Date-Modified = {2014-03-26 16:24:12 +0000},
	Pages = {500--505},
	Title = {{SpatDIF}: Principles, Specification, and Examples},
	Year = {2012}}

@manual{FMOD,
	Note = {\url{http://www.fmod.org}}}

@url{irrKlang,
	Note = {\url{http://www.ambiera.com/irrklang}}}

@book{maederMilieuxBook,
	Address = {Bielefeld},
	Date-Added = {2012-04-06 10:31:50 +0200},
	Date-Modified = {2012-05-07 12:46:30 -0700},
	Editor = {Marcus Maeder},
	Publisher = {Transcript Verlag},
	Title = {Milieux Sonores - Klangliche Milieus. Klang, Raum und Virtualit{\"a}t.},
	Year = {2010}}

@article{PottierTurenasInteractive,
	Author = {Laurent Pottier},
	Date-Added = {2012-04-04 16:01:38 -0700},
	Date-Modified = {2012-10-28 17:03:28 -0700},
	Journal = {Musimediane},
	Number = {6},
	Pages = {\url{http://www.musimediane.com/numero6/POTTIER/index.html}, last accessed Oct. 2012},
	Title = {Turenas (1972) de John Chowning, vers une version interactive},
	Year = {2011},
	Bdsk-Url-1 = {http://www.musimediane.com/numero6/POTTIER/index.html}}

@book{midi:1996spec,
	Author = {{The MIDI Manufacturers Association}},
	Date-Added = {2012-04-04 15:22:46 +0000},
	Date-Modified = {2012-04-04 15:31:53 +0000},
	Institution = {{The MIDI Manufacturers Association}},
	Keywords = {MIDI},
	Publisher = {{The MIDI Manufacturers Association}},
	Title = {{The Complete MIDI 1.0 Detailed Specification. Version 96.1 Second Edition}},
	Year = {2001}}

@misc{x3d,
	Author = {{Web3D Consortium}},
	Date-Added = {2012-03-31 23:50:23 -0700},
	Date-Modified = {2012-10-28 17:04:00 -0700},
	Note = {\\\url{http://www.web3d.org/x3d/}, last accessed Oct. 2012},
	Title = {{eXtensible 3D (X3D)}},
	Year = 2004}

@inproceedings{hoffmann2003independent,
	Address = {Boston, USA},
	Author = {Hoffmann, H. and Dachselt, R. and Meissner, K.},
	Booktitle = {Proc. of the Int'l Conference on Auditory Display},
	Date-Added = {2012-03-31 23:40:30 -0700},
	Date-Modified = {2012-10-31 09:42:33 +0900},
	Pages = {99--102},
	Title = {An independent declarative {3D} audio format on the basis of {XML}},
	Year = {2003}}

@phdthesis{HarleyPhD94,
	Abstract = {This dissertation presents the history of space in the musical thought of the 20th- century (from Kurth to Clifton, from Varese to Xenakis) and outlines the development of spatialization in the theory and practice of contemporary music (after 1950). The text emphasizes perceptual and temporal aspects of musical spatiality, thus reflecting the close connection of space and time in human experience.

A new definition of spatialization draws from Ingarden's notion of the musical work; a new typology of spatial designs embraces music for different acoustic environments, movements of performers and audiences, various positions of musicians in space, etc. The study of spatialization includes a survey of the writings of many composers (e.g. Ives, Boulez, Stockhausen, Cage) and an examination of their compositions. The final part of the dissertation presents three approaches to spatialization: Brant's simultaneity of sound layers, Xenakis's movement of sound, and Schafer's music of ritual and soundscape. },
	Address = {Montreal, Canada},
	Author = {Maria Anna Harley},
	Date-Added = {2012-03-31 17:24:58 -0700},
	Date-Modified = {2012-03-31 17:24:58 -0700},
	School = {McGill University},
	Title = {Space and Spatialization in Contemporary Music: History and Analysis, Ideas and Implementations},
	Year = {1994}}

@misc{Zvonar99,
	Author = {Richard Zvonar},
	Date-Added = {2012-03-31 17:22:35 -0700},
	Date-Modified = {2012-03-31 17:22:35 -0700},
	Howpublished = {\url{http://cec.sonus.ca/econtact/Multichannel/spatial_music.html}, accessed Sep 2011},
	Keywords = {spatial music},
	Title = {A History Of Spatial Music},
	Year = {1999},
	Bdsk-File-1 = {YnBsaXN0MDDUAQIDBAUGJCVYJHZlcnNpb25YJG9iamVjdHNZJGFyY2hpdmVyVCR0b3ASAAGGoKgHCBMUFRYaIVUkbnVsbNMJCgsMDxJXTlMua2V5c1pOUy5vYmplY3RzViRjbGFzc6INDoACgAOiEBGABIAFgAdccmVsYXRpdmVQYXRoWWFsaWFzRGF0YV8QdS4uLy4uLy4uLy4uL0xpYnJhcnkvQXBwbGljYXRpb24gU3VwcG9ydC9ERVZPTnRoaW5rIDIvRmlsZXMubm9pbmRleC93ZWJhcmNoaXZlL2UvQSBIaXN0b3J5IE9mIFNwYXRpYWwgTXVzaWMud2ViYXJjaGl2ZdIXCxgZV05TLmRhdGFPEQJiAAAAAAJiAAIAAAxNYWNpbnRvc2ggSEQAAAAAAAAAAAAAAAAAAADI2UBNSCsAAAAOBs8fQSBIaXN0b3J5IE9mIFNwYXRpYWwgTXVzaSNFMDZEMAAAAAAAAAAAAAAAAAAAAAAAAAAAAAAAAAAAAAAAAAAAAA4G0MDZiOwAAAAAAAAAAAAEAAcAAAkgAAAAAAAAAAAAAAAAAAAAAWUAABAACAAAyNmivQAAABEACAAAwNnrXAAAAAEAIAAOBs8ADgZqAA3/NwAN/wEACEw0AAhMIQAITCAAAJMlAAIAiU1hY2ludG9zaCBIRDpVc2VyczoAbmlsc3BldGVyczoATGlicmFyeToAQXBwbGljYXRpb24gU3VwcG9ydDoAREVWT050aGluayAyOgBGaWxlcy5ub2luZGV4OgB3ZWJhcmNoaXZlOgBlOgBBIEhpc3RvcnkgT2YgU3BhdGlhbCBNdXNpI0UwNkQwAAAOAEwAJQBBACAASABpAHMAdABvAHIAeQAgAE8AZgAgAFMAcABhAHQAaQBhAGwAIABNAHUAcwBpAGMALgB3AGUAYgBhAHIAYwBoAGkAdgBlAA8AGgAMAE0AYQBjAGkAbgB0AG8AcwBoACAASABEABIAelVzZXJzL25pbHNwZXRlcnMvTGlicmFyeS9BcHBsaWNhdGlvbiBTdXBwb3J0L0RFVk9OdGhpbmsgMi9GaWxlcy5ub2luZGV4L3dlYmFyY2hpdmUvZS9BIEhpc3RvcnkgT2YgU3BhdGlhbCBNdXNpYy53ZWJhcmNoaXZlABMAAS8AABUAAgAR//8AAIAG0hscHR5aJGNsYXNzbmFtZVgkY2xhc3Nlc11OU011dGFibGVEYXRhox0fIFZOU0RhdGFYTlNPYmplY3TSGxwiI1xOU0RpY3Rpb25hcnmiIiBfEA9OU0tleWVkQXJjaGl2ZXLRJidUcm9vdIABAAgAEQAaACMALQAyADcAQABGAE0AVQBgAGcAagBsAG4AcQBzAHUAdwCEAI4BBgELARMDeQN7A4ADiwOUA6IDpgOtA7YDuwPIA8sD3QPgA+UAAAAAAAACAQAAAAAAAAAoAAAAAAAAAAAAAAAAAAAD5w==},
	Bdsk-Url-1 = {http://cec.concordia.ca/econtact/Multichannel/spatial_music.html}}

@inproceedings{Bisig_Flowspace_NIME,
	Address = {Oslo, Norway},
	Author = {Daniel Bisig and Jan C. Schacher and Martin Neukom},
	Booktitle = {Proc. of the International Conference on New Interfaces for Musical Expression},
	Date-Added = {2012-03-27 19:20:25 +0200},
	Date-Modified = {2012-10-28 16:34:24 -0700},
	Pages = {260--263},
	Title = {Flowspace -- A Hybrid Ecosystem},
	Year = {2011}}

@inproceedings{Schacher_FLOWSPACE,
	Address = {Huddersfield, UK},
	Author = {Jan C. Schacher and Daniel Bisig and Martin Neukom},
	Booktitle = {Proc. of the International Computer Music Conference},
	Date-Added = {2012-03-27 19:17:17 +0200},
	Date-Modified = {2012-10-28 16:35:50 -0700},
	Pages = {100--107},
	Title = {Composing With Swarm Algorithms -- Creating Interactive Audio-Visual Pieces Using Flocking Behaviour},
	Year = {2011}}

@techreport{MIDI3D,
	Author = {{Creative Technology}},
	Date-Added = {2012-03-20 11:40:14 -0700},
	Date-Modified = {2012-10-31 13:44:47 +0900},
	Institution = {MIDI Manufacturers Association},
	Title = {Three Dimensional Sound Controllers (RP-049)},
	Type = {\url{http://www.midi.org/techspecs/rp49public.pdf}, last accessed {O}ct. 2012},
	Year = {2009},
	Bdsk-File-1 = {YnBsaXN0MDDUAQIDBAUGJCVYJHZlcnNpb25YJG9iamVjdHNZJGFyY2hpdmVyVCR0b3ASAAGGoKgHCBMUFRYaIVUkbnVsbNMJCgsMDxJXTlMua2V5c1pOUy5vYmplY3RzViRjbGFzc6INDoACgAOiEBGABIAFgAdccmVsYXRpdmVQYXRoWWFsaWFzRGF0YV8QIS4uLy4uLy4uLy4uLy5UcmFzaC9ycDQ5cHVibGljLnBkZtIXCxgZV05TLmRhdGFPEQF6AAAAAAF6AAIAAAxNYWNpbnRvc2ggSEQAAAAAAAAAAAAAAAAAAADI2UBNSCsAAAM2jBUOcnA0OXB1YmxpYy5wZGYAAAAAAAAAAAAAAAAAAAAAAAAAAAAAAAAAAAAAAAAAAAAAAAAAAAAAAAAAAAAAAAAAA3hyWMoX1xIAAAAAAAAAAAAEAAIAAAkgAAAAAAAAAAAAAAAAAAAABi5UcmFzaAAQAAgAAMjZor0AAAARAAgAAMoYOYIAAAABAAwDNowVAAhMIAAAkyUAAgAzTWFjaW50b3NoIEhEOlVzZXJzOm5pbHNwZXRlcnM6LlRyYXNoOnJwNDlwdWJsaWMucGRmAAAOAB4ADgByAHAANAA5AHAAdQBiAGwAaQBjAC4AcABkAGYADwAaAAwATQBhAGMAaQBuAHQAbwBzAGgAIABIAEQAEgAmVXNlcnMvbmlsc3BldGVycy8uVHJhc2gvcnA0OXB1YmxpYy5wZGYAEwABLwAAFQACABH//wAAgAbSGxwdHlokY2xhc3NuYW1lWCRjbGFzc2VzXU5TTXV0YWJsZURhdGGjHR8gVk5TRGF0YVhOU09iamVjdNIbHCIjXE5TRGljdGlvbmFyeaIiIF8QD05TS2V5ZWRBcmNoaXZlctEmJ1Ryb290gAEACAARABoAIwAtADIANwBAAEYATQBVAGAAZwBqAGwAbgBxAHMAdQB3AIQAjgCyALcAvwI9Aj8CRAJPAlgCZgJqAnECegJ/AowCjwKhAqQCqQAAAAAAAAIBAAAAAAAAACgAAAAAAAAAAAAAAAAAAAKr}}

@unpublished{SpatDIF_03,
	Author = {Nils Peters and Jan Schacher and Trond Lossius},
	Date-Added = {2012-03-20 11:22:48 -0700},
	Date-Modified = {2014-04-08 12:08:16 +0000},
	Note = {\url{http://redmine.spatdif.org/projects/spatdif/files}},
	Title = {{SpatDIF} specification Version 0.3},
	Year = {2010--2014}}

@inproceedings{potard2003encoding,
	Address = {Singapore},
	Author = {Potard, G. and Ingham, S.},
	Booktitle = {Proc. of the International Computer Music Conference},
	Date-Added = {2012-03-19 18:37:23 -0700},
	Date-Modified = {2012-10-31 10:05:12 +0900},
	Pages = {65--74},
	Title = {Encoding {3D} sound scenes and music in {XML}},
	Year = {2003},
	Bdsk-Url-1 = {http://nagasm.org/ASL/icmc2003/closed/CR1038.PDF}}

@inproceedings{chowningturenas,
	Address = {Saint-Etienne, France},
	Author = {John Chowning},
	Booktitle = {Proceedings of the 17{\`e}mes Journ{\'e}es d'Informatique Musicale},
	Date-Added = {2012-03-19 18:32:51 -0700},
	Date-Modified = {2014-04-08 12:07:14 +0000},
	Title = {{Turenas: the Realization of a Dream}},
	Year = {2011}}

@inproceedings{Peters:2008spatdif,
	Address = {Belfast, UK},
	Author = {Nils Peters},
	Booktitle = {Proc. of the International Computer Music Conference},
	Date-Added = {2012-03-19 17:52:40 -0700},
	Date-Modified = {2012-10-31 19:24:24 +0900},
	Keywords = {spatialisation, SpatDIF, Jamoma},
	Pages = {299--300},
	Title = {{Proposing SpatDIF - The Spatial Sound Description Interchange Format}},
	Year = {2008},
	Bdsk-File-1 = {YnBsaXN0MDDUAQIDBAUGJCVYJHZlcnNpb25YJG9iamVjdHNZJGFyY2hpdmVyVCR0b3ASAAGGoKgHCBMUFRYaIVUkbnVsbNMJCgsMDxJXTlMua2V5c1pOUy5vYmplY3RzViRjbGFzc6INDoACgAOiEBGABIAFgAdccmVsYXRpdmVQYXRoWWFsaWFzRGF0YV8QPi4uLy4uLy4uL3B1YmxpY2F0aW9ucy9vbGQvMjAwOF9JQ01DX1NwYXRESUYvSUNNQzA4LVNwYXRESUYucGRm0hcLGBlXTlMuZGF0YU8RAfQAAAAAAfQAAgAADE1hY2ludG9zaCBIRAAAAAAAAAAAAAAAAAAAAMjZQE1IKwAAAC/rkhJJQ01DMDgtU3BhdERJRi5wZGYAAAAAAAAAAAAAAAAAAAAAAAAAAAAAAAAAAAAAAAAAAAAAAAAAAAAAAAAAAAAAL+uWxESptQAAAAAAAAAAAAMABAAACSAAAAAAAAAAAAAAAAAAAAARMjAwOF9JQ01DX1NwYXRESUYAABAACAAAyNmivQAAABEACAAAxEUMJQAAAAEAGAAv65IAL+qjAC/n5AAITC0ACEwgAACTJQACAGNNYWNpbnRvc2ggSEQ6VXNlcnM6AG5pbHNwZXRlcnM6AERvY3VtZW50czoAcHVibGljYXRpb25zOgBvbGQ6ADIwMDhfSUNNQ19TcGF0RElGOgBJQ01DMDgtU3BhdERJRi5wZGYAAA4AJgASAEkAQwBNAEMAMAA4AC0AUwBwAGEAdABEAEkARgAuAHAAZABmAA8AGgAMAE0AYQBjAGkAbgB0AG8AcwBoACAASABEABIAUFVzZXJzL25pbHNwZXRlcnMvRG9jdW1lbnRzL3B1YmxpY2F0aW9ucy9vbGQvMjAwOF9JQ01DX1NwYXRESUYvSUNNQzA4LVNwYXRESUYucGRmABMAAS8AABUAAgAR//8AAIAG0hscHR5aJGNsYXNzbmFtZVgkY2xhc3Nlc11OU011dGFibGVEYXRhox0fIFZOU0RhdGFYTlNPYmplY3TSGxwiI1xOU0RpY3Rpb25hcnmiIiBfEA9OU0tleWVkQXJjaGl2ZXLRJidUcm9vdIABAAgAEQAaACMALQAyADcAQABGAE0AVQBgAGcAagBsAG4AcQBzAHUAdwCEAI4AzwDUANwC1ALWAtsC5gLvAv0DAQMIAxEDFgMjAyYDOAM7A0AAAAAAAAACAQAAAAAAAAAoAAAAAAAAAAAAAAAAAAADQg==}}

@article{peters_caa07,
	Author = {Nils Peters and Sean Ferguson and Stephen McAdams},
	Date-Added = {2012-03-19 17:49:41 -0700},
	Date-Modified = {2012-10-31 19:40:53 +0900},
	Journal = {Canadian Acoustics},
	Number = {3},
	Pages = {64--65},
	Title = {{Towards a Spatial Sound Description Interchange Format (SpatDIF)}},
	Volume = {35},
	Year = {2007}}

@inproceedings{2008ICMCpanel,
	Address = {Belfast, UK},
	Author = {Kendall, Gary S. and Peters, Nils and Matthias Geier},
	Booktitle = {Proc. of the International Computer Music Conference},
	Date-Added = {2012-03-19 17:48:07 -0700},
	Date-Modified = {2012-03-19 17:48:07 -0700},
	Keywords = {spatialisation, SpatDIF, Jamoma},
	Pages = {295-296},
	Title = {Towards an Interchange Format for Spatial Audio Scenes},
	Year = {2008},
	Bdsk-File-1 = {YnBsaXN0MDDUAQIDBAUGJCVYJHZlcnNpb25YJG9iamVjdHNZJGFyY2hpdmVyVCR0b3ASAAGGoKgHCBMUFRYaIVUkbnVsbNMJCgsMDxJXTlMua2V5c1pOUy5vYmplY3RzViRjbGFzc6INDoACgAOiEBGABIAFgAdccmVsYXRpdmVQYXRoWWFsaWFzRGF0YV8QSS4uLy4uLy4uL3B1YmxpY2F0aW9ucy9vbGQvMjAwOC1JQ01DLXBhbmVsLXByb3Bvc2FsL0lDTUMwOC1wYW5lbF9GSU5BTC5wZGbSFwsYGVdOUy5kYXRhTxECGAAAAAACGAACAAAMTWFjaW50b3NoIEhEAAAAAAAAAAAAAAAAAAAAyNlATUgrAAAAL+txFklDTUMwOC1wYW5lbF9GSU5BTC5wZGYAAAAAAAAAAAAAAAAAAAAAAAAAAAAAAAAAAAAAAAAAAAAAAAAAAAAAAAAv63/EQNNFAAAAAAAAAAAAAwAEAAAJIAAAAAAAAAAAAAAAAAAAABgyMDA4LUlDTUMtcGFuZWwtcHJvcG9zYWwAEAAIAADI2aK9AAAAEQAIAADEQTW1AAAAAQAYAC/rcQAv6qMAL+fkAAhMLQAITCAAAJMlAAIAbk1hY2ludG9zaCBIRDpVc2VyczoAbmlsc3BldGVyczoARG9jdW1lbnRzOgBwdWJsaWNhdGlvbnM6AG9sZDoAMjAwOC1JQ01DLXBhbmVsLXByb3Bvc2FsOgBJQ01DMDgtcGFuZWxfRklOQUwucGRmAA4ALgAWAEkAQwBNAEMAMAA4AC0AcABhAG4AZQBsAF8ARgBJAE4AQQBMAC4AcABkAGYADwAaAAwATQBhAGMAaQBuAHQAbwBzAGgAIABIAEQAEgBbVXNlcnMvbmlsc3BldGVycy9Eb2N1bWVudHMvcHVibGljYXRpb25zL29sZC8yMDA4LUlDTUMtcGFuZWwtcHJvcG9zYWwvSUNNQzA4LXBhbmVsX0ZJTkFMLnBkZgAAEwABLwAAFQACABH//wAAgAbSGxwdHlokY2xhc3NuYW1lWCRjbGFzc2VzXU5TTXV0YWJsZURhdGGjHR8gVk5TRGF0YVhOU09iamVjdNIbHCIjXE5TRGljdGlvbmFyeaIiIF8QD05TS2V5ZWRBcmNoaXZlctEmJ1Ryb290gAEACAARABoAIwAtADIANwBAAEYATQBVAGAAZwBqAGwAbgBxAHMAdQB3AIQAjgDaAN8A5wMDAwUDCgMVAx4DLAMwAzcDQANFA1IDVQNnA2oDbwAAAAAAAAIBAAAAAAAAACgAAAAAAAAAAAAAAAAAAANx}}

@inproceedings{bresson2011representation,
	Address = {Huddersfield, UK},
	Author = {Bresson, J. and Schumacher, M.},
	Booktitle = {Proc. of the International Computer Music Conference},
	Date-Added = {2012-03-19 17:47:27 -0700},
	Date-Modified = {2012-10-28 16:37:34 -0700},
	Pages = {83--87},
	Title = {Representation and Interchange of Sound Spatialization Data for Compositional Applications},
	Year = {2011}}

@article{scheirer1999audiobifs,
	Author = {Scheirer, E.D. and Vaananen, R. and Huopaniemi, J.},
	Date-Added = {2012-03-19 17:45:16 -0700},
	Date-Modified = {2012-05-07 12:35:11 -0700},
	Journal = {IEEE Transactions on Multimedia},
	Number = {3},
	Pages = {237--250},
	Publisher = {IEEE},
	Title = {{AudioBIFS}: Describing audio scenes with the {MPEG-4} multimedia standard},
	Volume = {1},
	Year = {1999}}

@article{Vaananen:2004lr,
	Author = {Vaananen, R. and Huopaniemi, J.},
	Date-Added = {2012-03-19 17:44:27 -0700},
	Date-Modified = {2012-03-19 17:44:27 -0700},
	Isbn = {1520-9210},
	Journal = {Multimedia, IEEE Transactions on},
	Journal1 = {Multimedia, IEEE Transactions on},
	Keywords = {audio acoustics; audio coding; audio databases; audio-visual systems; solid modelling; virtual reality; visual databases; 3D audiovisual scene; 3D sound environment; BInary Format for Scenes; MPEG-4 scene description language; virtual acoustics},
	Number = {5},
	Pages = {661--675},
	Title = {Advanced {AudioBIFS}: virtual acoustics modeling in {MPEG-4} scene description},
	Ty = {JOUR},
	Volume = {6},
	Year = {2004},
	Bdsk-File-1 = {YnBsaXN0MDDUAQIDBAUGJCVYJHZlcnNpb25YJG9iamVjdHNZJGFyY2hpdmVyVCR0b3ASAAGGoKgHCBMUFRYaIVUkbnVsbNMJCgsMDxJXTlMua2V5c1pOUy5vYmplY3RzViRjbGFzc6INDoACgAOiEBGABIAFgAdccmVsYXRpdmVQYXRoWWFsaWFzRGF0YV8Qai4uLy4uLy4uLy4uL0xpYnJhcnkvQXBwbGljYXRpb24gU3VwcG9ydC9ERVZPTnRoaW5rIDIvRmlsZXMubm9pbmRleC9wZGYvYi9WYWFuYW5lbjA0LUFkdmFuY2VkIEF1ZGlvQklGUy5wZGbSFwsYGVdOUy5kYXRhTxECSAAAAAACSAACAAAMTWFjaW50b3NoIEhEAAAAAAAAAAAAAAAAAAAAyNlATUgrAAAADgRjH1ZhYW5hbmVuMDQtQWR2YW5jZWQgQSNFMDQ4NC5wZGYAAAAAAAAAAAAAAAAAAAAAAAAAAAAAAAAAAAAAAAAAAAAOBITCw83MAAAAAAAAAAAABAAHAAAJIAAAAAAAAAAAAAAAAAAAAAFiAAAQAAgAAMjZor0AAAARAAgAAMLEMDwAAAABACAADgRjAA3/jwAN/zcADf8BAAhMNAAITCEACEwgAACTJQACAIJNYWNpbnRvc2ggSEQ6VXNlcnM6AG5pbHNwZXRlcnM6AExpYnJhcnk6AEFwcGxpY2F0aW9uIFN1cHBvcnQ6AERFVk9OdGhpbmsgMjoARmlsZXMubm9pbmRleDoAcGRmOgBiOgBWYWFuYW5lbjA0LUFkdmFuY2VkIEEjRTA0ODQucGRmAA4ARAAhAFYAYQBhAG4AYQBuAGUAbgAwADQALQBBAGQAdgBhAG4AYwBlAGQAIABBAHUAZABpAG8AQgBJAEYAUwAuAHAAZABmAA8AGgAMAE0AYQBjAGkAbgB0AG8AcwBoACAASABEABIAb1VzZXJzL25pbHNwZXRlcnMvTGlicmFyeS9BcHBsaWNhdGlvbiBTdXBwb3J0L0RFVk9OdGhpbmsgMi9GaWxlcy5ub2luZGV4L3BkZi9iL1ZhYW5hbmVuMDQtQWR2YW5jZWQgQXVkaW9CSUZTLnBkZgAAEwABLwAAFQACABH//wAAgAbSGxwdHlokY2xhc3NuYW1lWCRjbGFzc2VzXU5TTXV0YWJsZURhdGGjHR8gVk5TRGF0YVhOU09iamVjdNIbHCIjXE5TRGljdGlvbmFyeaIiIF8QD05TS2V5ZWRBcmNoaXZlctEmJ1Ryb290gAEACAARABoAIwAtADIANwBAAEYATQBVAGAAZwBqAGwAbgBxAHMAdQB3AIQAjgD7AQABCANUA1YDWwNmA28DfQOBA4gDkQOWA6MDpgO4A7sDwAAAAAAAAAIBAAAAAAAAACgAAAAAAAAAAAAAAAAAAAPC}}

@manual{openAL-spec1.1,
	Author = {Garin Hiebert},
	Date-Added = {2012-03-19 17:43:36 -0700},
	Date-Modified = {2012-03-19 17:43:36 -0700},
	Title = {{OpenAL 1.1 Specification and Reference}},
	Year = {2005}}

@inproceedings{SpatOSC,
	Address = {Ljubljana, Slovenia},
	Author = {Mike Wozniewski and Alexandre Quessy and Zack Settel},
	Booktitle = {Proc. International Computer Music Conference},
	Date-Added = {2012-03-19 17:41:53 -0700},
	Date-Modified = {2012-10-31 13:46:42 +0900},
	Pages = {512--517},
	Title = {{SpatOSC}: Providing abstraction for the authoring of interactive spatial audio experiences},
	Year = {2012}}

@article{geier2010object,
	Author = {Geier, M. and Ahrens, J. and Spors, S.},
	Date-Added = {2012-03-19 17:41:39 -0700},
	Date-Modified = {2012-05-04 22:15:19 -0700},
	Journal = {Organised Sound},
	Number = {03},
	Pages = {219--227},
	Publisher = {Cambridge Univ Press},
	Title = {Object-based audio reproduction and the {Audio Scene Description Format}},
	Volume = {15},
	Year = {2010}}

@inproceedings{PetersSMC09,
	Address = {Porto, PT},
	Author = {Nils Peters and Trond Lossius and Jan C. Schacher and Pascal Baltazar and Charles Bascou and Timothy Place},
	Booktitle = {Proc. of the 6th Sound and Music Computing Conference},
	Date-Added = {2012-03-19 15:39:50 -0700},
	Date-Modified = {2014-04-07 09:11:11 +0000},
	Pages = {219--224},
	Title = {{A Stratified Approach for Sound Spatialization}},
	Year = {2009},
	Bdsk-Url-1 = {http://smcnetwork.org/files/proceedings/2009/299.pdf}}
