%% This BibTeX bibliography file was created using BibDesk.
%% http://bibdesk.sourceforge.net/


%% Created for Nils Peters at 2012-10-31 19:42:52 +0900 


%% Saved with string encoding Unicode (UTF-8) 



@inproceedings{Place:2008params,
	Author = {Timothy Place and Trond Lossius and Alexander Refsum Jensenius and Nils Peters},
	Booktitle = {Proc. of the International Computer Music Conference},
	Date-Added = {2012-09-13 14:09:06 +0000},
	Date-Modified = {2012-10-31 19:41:56 +0900},
	Keywords = {Max, Jamoma, ICMC10},
	Pages = {233--236},
	Rating = {2},
	Title = {Flexible control of composite parameters in {Max/MSP}},
	Year = {2008},
	Bdsk-File-1 = {YnBsaXN0MDDUAQIDBAUIJidUJHRvcFgkb2JqZWN0c1gkdmVyc2lvblkkYXJjaGl2ZXLRBgdUcm9vdIABqAkKFRYXGyIjVSRudWxs0wsMDQ4RFFpOUy5vYmplY3RzV05TLmtleXNWJGNsYXNzog8QgASABqISE4ACgAOAB1lhbGlhc0RhdGFccmVsYXRpdmVQYXRo0hgNGRpXTlMuZGF0YU8RAYoAAAAAAYoAAgAABGxpbWUAAAAAAAAAAAAAAAAAAAAAAAAAAAAAAMcnC4FIKwAAABIq1hNqYW1vbWEtaWNtYzIwMDgucGRmAAAAAAAAAAAAAAAAAAAAAAAAAAAAAAAAAAAAAAAAAAAAAAAAAAAAAAAAAAAAIYAbxz6aUgAAAAAAAAAAAAYABgAACSAAAAAAAAAAAAAAAAAAAAAFUGxhY2UAABAACAAAxydf4QAAABEACAAAxz7usgAAAAEAFAASKtYAEioEAAWt9gAFrekAAJPYAAIANmxpbWU6VXNlcnM6dGltOkRvY3VtZW50czpCaWI6UGxhY2U6amFtb21hLWljbWMyMDA4LnBkZgAOACgAEwBqAGEAbQBvAG0AYQAtAGkAYwBtAGMAMgAwADAAOAAuAHAAZABmAA8ACgAEAGwAaQBtAGUAEgAxVXNlcnMvdGltL0RvY3VtZW50cy9CaWIvUGxhY2UvamFtb21hLWljbWMyMDA4LnBkZgAAEwABLwAAFQACAAr//wAAgAXSHB0eH1gkY2xhc3Nlc1okY2xhc3NuYW1lox8gIV1OU011dGFibGVEYXRhVk5TRGF0YVhOU09iamVjdF8QQy4uLy4uLy4uLy4uLy4uLy4uL1VzZXJzL3RpbS9Eb2N1bWVudHMvQmliL1BsYWNlL2phbW9tYS1pY21jMjAwOC5wZGbSHB0kJaIlIVxOU0RpY3Rpb25hcnkSAAGGoF8QD05TS2V5ZWRBcmNoaXZlcgAIABEAFgAfACgAMgA1ADoAPABFAEsAUgBdAGUAbABvAHEAcwB2AHgAegB8AIYAkwCYAKACLgIwAjUCPgJJAk0CWwJiAmsCsQK2ArkCxgLLAAAAAAAAAgEAAAAAAAAAKAAAAAAAAAAAAAAAAAAAAt0=}}

@inproceedings{Place10:AudioGraph,
	Address = {Graz, Austria},
	Author = {Timothy Place and Trond Lossius and Nils Peters},
	Booktitle = {Proc. of the 13th Int'l Conference on Digital Audio Effects},
	Date-Added = {2012-09-13 14:07:37 +0000},
	Date-Modified = {2012-10-31 19:24:02 +0900},
	Keywords = {DAFx10},
	Pages = {69--76},
	Title = {The {Jamoma} Audio Graph Layer},
	Year = {2010}}

@inproceedings{schacher7Years,
	Abstract = {A brief overview of the practice and developments in Ambisonics at the ICST in the last decade is given. The paper traces the evolution of the ICST tools for MaxMSP and a number projects using them in concerts and installations is shown. Finally the current state of the software and the newly available features and implementations are discussed.},
	Address = {Paris, France},
	Author = {Jan C. Schacher},
	Booktitle = {Proc. of the 2nd International Symposium on Ambisonics and Spherical Acoustics},
	Date-Added = {2012-09-13 23:15:59 -0700},
	Date-Modified = {2012-09-13 23:15:59 -0700},
	Title = {Seven Years {ISCT} Ambisonics Tools for {MaxMSP} - A brief report},
	Year = {2010}}

@inproceedings{Place:2008osc,
	Address = {Genova, Italy},
	Author = {Timothy Place and Trond Lossius and Alexander Refsum Jensenius and Nils Peters and Pascal Baltazar},
	Booktitle = {Proc. of the Int'l Conference on New Interfaces for Musical Expression},
	Date-Added = {2012-09-13 15:27:56 +0000},
	Date-Modified = {2012-09-13 15:27:56 +0000},
	Keywords = {Jamoma, Max, osc, ICMC10, SMC09},
	Pages = {181--184},
	Rating = {2},
	Title = {{Addressing Classes by Differentiating Values and Properties in OSC}},
	Year = {2008},
	Bdsk-File-1 = {YnBsaXN0MDDUAQIDBAUIJidUJHRvcFgkb2JqZWN0c1gkdmVyc2lvblkkYXJjaGl2ZXLRBgdUcm9vdIABqAkKFRYXGyIjVSRudWxs0wsMDQ4RFFpOUy5vYmplY3RzV05TLmtleXNWJGNsYXNzog8QgASABqISE4ACgAOAB1lhbGlhc0RhdGFccmVsYXRpdmVQYXRo0hgNGRpXTlMuZGF0YU8RAYoAAAAAAYoAAgAABGxpbWUAAAAAAAAAAAAAAAAAAAAAAAAAAAAAAMcnC4FIKwAAABIq1hNqYW1vbWEtbmltZTIwMDgucGRmAAAAAAAAAAAAAAAAAAAAAAAAAAAAAAAAAAAAAAAAAAAAAAAAAAAAAAAAAAAAIYAQxz6aUgAAAAAAAAAAAAYABgAACSAAAAAAAAAAAAAAAAAAAAAFUGxhY2UAABAACAAAxydf4QAAABEACAAAxz7usgAAAAEAFAASKtYAEioEAAWt9gAFrekAAJPYAAIANmxpbWU6VXNlcnM6dGltOkRvY3VtZW50czpCaWI6UGxhY2U6amFtb21hLW5pbWUyMDA4LnBkZgAOACgAEwBqAGEAbQBvAG0AYQAtAG4AaQBtAGUAMgAwADAAOAAuAHAAZABmAA8ACgAEAGwAaQBtAGUAEgAxVXNlcnMvdGltL0RvY3VtZW50cy9CaWIvUGxhY2UvamFtb21hLW5pbWUyMDA4LnBkZgAAEwABLwAAFQACAAr//wAAgAXSHB0eH1gkY2xhc3Nlc1okY2xhc3NuYW1lox8gIV1OU011dGFibGVEYXRhVk5TRGF0YVhOU09iamVjdF8QQy4uLy4uLy4uLy4uLy4uLy4uL1VzZXJzL3RpbS9Eb2N1bWVudHMvQmliL1BsYWNlL2phbW9tYS1uaW1lMjAwOC5wZGbSHB0kJaIlIVxOU0RpY3Rpb25hcnkSAAGGoF8QD05TS2V5ZWRBcmNoaXZlcgAIABEAFgAfACgAMgA1ADoAPABFAEsAUgBdAGUAbABvAHEAcwB2AHgAegB8AIYAkwCYAKACLgIwAjUCPgJJAk0CWwJiAmsCsQK2ArkCxgLLAAAAAAAAAgEAAAAAAAAAKAAAAAAAAAAAAAAAAAAAAt0=}}

@inproceedings{Schumacher2010compositionalControl,
	Address = {Paris, France},
	Author = {Schumacher, Marlon and Jean Bresson},
	Booktitle = {Proc. of the 2nd International Symposium on Ambisonics and Spherical Acoustics},
	Date-Added = {2012-09-13 12:48:19 +0000},
	Date-Modified = {2012-09-26 16:49:08 -0700},
	Title = {Compositional control of periphonic sound spatialization},
	Year = {2010}}

@inproceedings{Schacher_ICMC_2006,
	Address = {New Orleans, USA},
	Author = {Jan C. Schacher and Phillippe Kocher},
	Booktitle = {Proc. of the International Computer Music Conference},
	Date-Added = {2012-09-13 14:44:53 +0200},
	Date-Modified = {2012-10-28 16:46:32 -0700},
	Keywords = {Ambisonics, Spatialsiation, MaxMSP},
	Pages = {274--277},
	Title = {Ambisonics Spatialization Tools for Max/MSP},
	Year = {2006}}

@inproceedings{Neukom:2008ambipan,
	Abstract = {In Ambisonics sound is encoded and stored in multichannel sound files and is decoded for playback. In the en- and decoding process complicated functions are used. In this paper panning functions equivalent to the result of en- and decoding are presented which can be used for real-time panning in an arbitrary high ambisonic order. In the function equivalent to the socalled in-phase decoding the order of ambisonic resolution is just a variable that can be any positive number not restricted to integers and that can be changed during playback. The limitations and advantages of the technique are mentioned, real time applications are described and the computational costs are estimated. The described procedure offers a new intuitive understanding of Ambisonics.
},
	Address = {Belfast, UK},
	Author = {Martin Neukom and Jan Schacher},
	Booktitle = {Proc. of the International Computer Music Conference},
	Date-Added = {2012-08-27 09:43:11 -0700},
	Date-Modified = {2012-10-31 19:40:31 +0900},
	Keywords = {ambisonics, Max, SMC09},
	Pages = {592--595},
	Title = {Ambisonics equivalent panning},
	Year = {2008},
	Bdsk-File-1 = {YnBsaXN0MDDUAQIDBAUIJidUJHRvcFgkb2JqZWN0c1gkdmVyc2lvblkkYXJjaGl2ZXLRBgdUcm9vdIABqAkKFRYXGyIjVSRudWxs0wsMDQ4RFFpOUy5vYmplY3RzV05TLmtleXNWJGNsYXNzog8QgASABqISE4ACgAOAB1lhbGlhc0RhdGFccmVsYXRpdmVQYXRo0hgNGRpXTlMuZGF0YU8RAeQAAAAAAeQAAgAADE1hY2ludG9zaCBIRAAAAAAAAAAAAAAAAAAAAMamTeZIKwAAAAwNaBZOZXVrb21fMjAwOGFtYmlwYW4ucGRmAAAAAAAAAAAAAAAAAAAAAAAAAAAAAAAAAAAAAAAAAAAAAAAAAAAAAAAADA3pw/xsQgAAAAAAAAAAAAQABAAACSAAAAAAAAAAAAAAAAAAAAAQX2JpYmRlc2tfaW5kZXhlZAAQAAgAAMamMcYAAAARAAgAAMP8XjIAAAABABQADA1oAAwNZgAL4CoACMOJAAB5iwACAFpNYWNpbnRvc2ggSEQ6VXNlcnM6AGxvc3NpdXM6AERvY3VtZW50czoAQXJ0aWtsZXI6AF9iaWJkZXNrX2luZGV4ZWQ6AE5ldWtvbV8yMDA4YW1iaXBhbi5wZGYADgAuABYATgBlAHUAawBvAG0AXwAyADAAMAA4AGEAbQBiAGkAcABhAG4ALgBwAGQAZgAPABoADABNAGEAYwBpAG4AdABvAHMAaAAgAEgARAASAEhVc2Vycy9sb3NzaXVzL0RvY3VtZW50cy9BcnRpa2xlci9fYmliZGVza19pbmRleGVkL05ldWtvbV8yMDA4YW1iaXBhbi5wZGYAEwABLwAAFQACAA7//wAAgAXSHB0eH1gkY2xhc3Nlc1okY2xhc3NuYW1lox8gIV1OU011dGFibGVEYXRhVk5TRGF0YVhOU09iamVjdF8QRi4uLy4uLy4uLy4uL0RvY3VtZW50cy9BcnRpa2xlci9fYmliZGVza19pbmRleGVkL05ldWtvbV8yMDA4YW1iaXBhbi5wZGbSHB0kJaIlIVxOU0RpY3Rpb25hcnkSAAGGoF8QD05TS2V5ZWRBcmNoaXZlcgAIABEAFgAfACgAMgA1ADoAPABFAEsAUgBdAGUAbABvAHEAcwB2AHgAegB8AIYAkwCYAKACiAKKAo8CmAKjAqcCtQK8AsUDDgMTAxYDIwMoAAAAAAAAAgEAAAAAAAAAKAAAAAAAAAAAAAAAAAAAAzo=}}

@article{CMJ08-VIMIC,
	Author = {Braasch, Jonas and Peters, Nils and Valente, Daniel L.},
	Date-Added = {2012-08-27 09:42:58 -0700},
	Date-Modified = {2012-10-31 19:39:54 +0900},
	Journal = {Computer Music Journal},
	Keywords = {spatialisation, SMC09, ICMC10, ViMiC},
	Number = {3},
	Pages = {55--71},
	Title = {A Loudspeaker-Based Projection Technique for Spatial Music Applications Using Virtual Microphone Control},
	Volume = {32},
	Year = {2008},
	Bdsk-Url-1 = {http://www.mitpressjournals.org/doi/pdf/10.1162/comj.2008.32.3.55}}

@conference{lossius:2009,
	Address = {Montreal, Canada},
	Author = {Trond Lossius and Pascal Baltazar and Th{\'e}o de la Hogue},
	Booktitle = {Proc. of 2009 International Computer Music Conference},
	Date-Added = {2012-08-27 09:42:10 -0700},
	Date-Modified = {2012-08-27 09:42:10 -0700},
	Keywords = {ICMC10, SMC09, dbap},
	Pages = {489-492},
	Rating = {2},
	Title = {{DBAP - Distance-Based Amplitude Panning}},
	Year = {2009},
	Bdsk-File-1 = {YnBsaXN0MDDUAQIDBAUIJidUJHRvcFgkb2JqZWN0c1gkdmVyc2lvblkkYXJjaGl2ZXLRBgdUcm9vdIABqAkKFRYXGyIjVSRudWxs0wsMDQ4RFFpOUy5vYmplY3RzV05TLmtleXNWJGNsYXNzog8QgASABqISE4ACgAOAB1lhbGlhc0RhdGFccmVsYXRpdmVQYXRo0hgNGRpXTlMuZGF0YU8RAYgAAAAAAYgAAgAABGxpbWUAAAAAAAAAAAAAAAAAAAAAAAAAAAAAAMcnC4FIKwAAABIqsRFpY21jMjAwOS1kYmFwLnBkZgAAAAAAAAAAAAAAAAAAAAAAAAAAAAAAAAAAAAAAAAAAAAAAAAAAAAAAAAAAAAAAIYADxz6aUwAAAAAAAAAAAAYABgAACSAAAAAAAAAAAAAAAAAAAAAHTG9zc2l1cwAAEAAIAADHJ1/hAAAAEQAIAADHPu6zAAAAAQAUABIqsQASKgQABa32AAWt6QAAk9gAAgA2bGltZTpVc2Vyczp0aW06RG9jdW1lbnRzOkJpYjpMb3NzaXVzOmljbWMyMDA5LWRiYXAucGRmAA4AJAARAGkAYwBtAGMAMgAwADAAOQAtAGQAYgBhAHAALgBwAGQAZgAPAAoABABsAGkAbQBlABIAMVVzZXJzL3RpbS9Eb2N1bWVudHMvQmliL0xvc3NpdXMvaWNtYzIwMDktZGJhcC5wZGYAABMAAS8AABUAAgAK//8AAIAF0hwdHh9YJGNsYXNzZXNaJGNsYXNzbmFtZaMfICFdTlNNdXRhYmxlRGF0YVZOU0RhdGFYTlNPYmplY3RfEEMuLi8uLi8uLi8uLi8uLi8uLi9Vc2Vycy90aW0vRG9jdW1lbnRzL0JpYi9Mb3NzaXVzL2ljbWMyMDA5LWRiYXAucGRm0hwdJCWiJSFcTlNEaWN0aW9uYXJ5EgABhqBfEA9OU0tleWVkQXJjaGl2ZXIACAARABYAHwAoADIANQA6ADwARQBLAFIAXQBlAGwAbwBxAHMAdgB4AHoAfACGAJMAmACgAiwCLgIzAjwCRwJLAlkCYAJpAq8CtAK3AsQCyQAAAAAAAAIBAAAAAAAAACgAAAAAAAAAAAAAAAAAAALb}}

@article{Pulkki:1997vbap,
	Author = {Pulkki, Ville},
	Date-Added = {2012-08-27 09:41:51 -0700},
	Date-Modified = {2012-10-28 17:09:59 -0700},
	Journal = {J. Audio Eng. Soc.},
	Keywords = {spatialisation, vbap, SMC09},
	Local-Url = {file://localhost/Users/lossius/Documents/Artikler/_bibdesk_indexed/Pulkki_1997vbap.pdf},
	Number = {6},
	Pages = {456-466},
	Title = {Virtual sound source positioning using {Vector Base Amplitude Panning}},
	Volume = {45},
	Year = {1997},
	Bdsk-File-1 = {YnBsaXN0MDDUAQIDBAUIJidUJHRvcFgkb2JqZWN0c1gkdmVyc2lvblkkYXJjaGl2ZXLRBgdUcm9vdIABqAkKFRYXGyIjVSRudWxs0wsMDQ4RFFpOUy5vYmplY3RzV05TLmtleXNWJGNsYXNzog8QgASABqISE4ACgAOAB1lhbGlhc0RhdGFccmVsYXRpdmVQYXRo0hgNGRpXTlMuZGF0YU8RAdoAAAAAAdoAAgAADE1hY2ludG9zaCBIRAAAAAAAAAAAAAAAAAAAAMamTeZIKwAAAAwNaBNQdWxra2lfMTk5N3ZiYXAucGRmAAAAAAAAAAAAAAAAAAAAAAAAAAAAAAAAAAAAAAAAAAAAAAAAAAAAAAAAAAAADA34wG1CJAAAAAAAAAAAAAQABAAACSAAAAAAAAAAAAAAAAAAAAAQX2JpYmRlc2tfaW5kZXhlZAAQAAgAAMamMcYAAAARAAgAAMBtJgQAAAABABQADA1oAAwNZgAL4CoACMOJAAB5iwACAFdNYWNpbnRvc2ggSEQ6VXNlcnM6AGxvc3NpdXM6AERvY3VtZW50czoAQXJ0aWtsZXI6AF9iaWJkZXNrX2luZGV4ZWQ6AFB1bGtraV8xOTk3dmJhcC5wZGYAAA4AKAATAFAAdQBsAGsAawBpAF8AMQA5ADkANwB2AGIAYQBwAC4AcABkAGYADwAaAAwATQBhAGMAaQBuAHQAbwBzAGgAIABIAEQAEgBFVXNlcnMvbG9zc2l1cy9Eb2N1bWVudHMvQXJ0aWtsZXIvX2JpYmRlc2tfaW5kZXhlZC9QdWxra2lfMTk5N3ZiYXAucGRmAAATAAEvAAAVAAIADv//AACABdIcHR4fWCRjbGFzc2VzWiRjbGFzc25hbWWjHyAhXU5TTXV0YWJsZURhdGFWTlNEYXRhWE5TT2JqZWN0XxBDLi4vLi4vLi4vLi4vRG9jdW1lbnRzL0FydGlrbGVyL19iaWJkZXNrX2luZGV4ZWQvUHVsa2tpXzE5OTd2YmFwLnBkZtIcHSQloiUhXE5TRGljdGlvbmFyeRIAAYagXxAPTlNLZXllZEFyY2hpdmVyAAgAEQAWAB8AKAAyADUAOgA8AEUASwBSAF0AZQBsAG8AcQBzAHYAeAB6AHwAhgCTAJgAoAJ+AoAChQKOApkCnQKrArICuwMBAwYDCQMWAxsAAAAAAAACAQAAAAAAAAAoAAAAAAAAAAAAAAAAAAADLQ==},
	Bdsk-Url-1 = {http://lib.tkk.fi/Diss/2001/isbn9512255324/}}

@article{Pulkki2007dirac_1,
	Author = {Pulkki, Ville},
	Date-Added = {2012-08-27 09:41:04 -0700},
	Date-Modified = {2012-08-27 09:41:04 -0700},
	Journal = {J. Audio Eng. Soc.},
	Keywords = {spatialisation, vbap, DirAC, SMC09},
	Month = {June},
	Number = {6},
	Pages = {503-516},
	Title = {Spatial Sound Reproduction with Directional Audio Coding},
	Volume = {55},
	Year = {2007}}

@article{melchior2010wave,
	Author = {Melchior, F.},
	Date-Added = {2012-08-21 13:23:26 -0700},
	Date-Modified = {2012-08-21 13:23:26 -0700},
	Journal = {SMPTE Motion Imaging Journal},
	Number = {3},
	Pages = {53--57},
	Publisher = {The Society of Motion Picture and Television Engineers},
	Title = {Wave Field Synthesis and Object-Based Mixing for Motion Picture Sound},
	Volume = {119},
	Year = {2010}}

@techreport{DolbyAtmos,
	Author = {Dolby},
	Date-Added = {2012-08-21 11:46:09 -0700},
	Date-Modified = {2012-08-21 11:48:14 -0700},
	Institution = {Dolby Laboratories, Inc.},
	Title = {Dolby {A}tmos: Next-Generation Audio for Cinema},
	Type = {white paper},
	Year = {2012},
	Bdsk-File-1 = {YnBsaXN0MDDUAQIDBAUIJidUJHRvcFgkb2JqZWN0c1gkdmVyc2lvblkkYXJjaGl2ZXLRBgdUcm9vdIABqAkKFRYXGyIjVSRudWxs0wsMDQ4RFFpOUy5vYmplY3RzV05TLmtleXNWJGNsYXNzog8QgASABqISE4ACgAOAB1lhbGlhc0RhdGFccmVsYXRpdmVQYXRo0hgNGRpXTlMuZGF0YU8RAjoAAAAAAjoAAgAADE1hY2ludG9zaCBIRAAAAAAAAAAAAAAAAAAAAMjZQE1IKwAAA13GCh9Eb2xieS1BdG1vcy1OZXh0LUdlIzM3N0U2NkUucGRmAAAAAAAAAAAAAAAAAAAAAAAAAAAAAAAAAAAAAAAAAAADd+Zuy8k3hQAAAAAAAAAAAAYABwAACSAAAAAAAAAAAAAAAAAAAAAFLVRtcC0AABAACAAAyNmivQAAABEACAAAy8mZ9QAAAAEAGANdxgoACExrAAhMagAAYlkAAADYAAAA1gACAGVNYWNpbnRvc2ggSEQ6cHJpdmF0ZTp2YXI6Zm9sZGVyczo5MDo5ME5KRTctZ0ZhbXFtbXVXVVdnakdVKysrVEk6LVRtcC06RG9sYnktQXRtb3MtTmV4dC1HZSMzNzdFNjZFLnBkZgAADgBiADAARABvAGwAYgB5AC0AQQB0AG0AbwBzAC0ATgBlAHgAdAAtAEcAZQBuAGUAcgBhAHQAaQBvAG4ALQBBAHUAZABpAG8ALQBmAG8AcgAtAEMAaQBuAGUAbQBhAC4AcABkAGYADwAaAAwATQBhAGMAaQBuAHQAbwBzAGgAIABIAEQAEgBpcHJpdmF0ZS92YXIvZm9sZGVycy85MC85ME5KRTctZ0ZhbXFtbXVXVVdnakdVKysrVEkvLVRtcC0vRG9sYnktQXRtb3MtTmV4dC1HZW5lcmF0aW9uLUF1ZGlvLWZvci1DaW5lbWEucGRmAAATAAEvAP//AACABdIcHR4fWCRjbGFzc2VzWiRjbGFzc25hbWWjHyAhXU5TTXV0YWJsZURhdGFWTlNEYXRhWE5TT2JqZWN0XxBzLi4vLi4vLi4vLi4vLi4vLi4vdmFyL2ZvbGRlcnMvOTAvOTBOSkU3LWdGYW1xbW11V1VXZ2pHVSsrK1RJLy1UbXAtL0RvbGJ5LUF0bW9zLU5leHQtR2VuZXJhdGlvbi1BdWRpby1mb3ItQ2luZW1hLnBkZtIcHSQloiUhXE5TRGljdGlvbmFyeRIAAYagXxAPTlNLZXllZEFyY2hpdmVyAAgAEQAWAB8AKAAyADUAOgA8AEUASwBSAF0AZQBsAG8AcQBzAHYAeAB6AHwAhgCTAJgAoALeAuAC5QLuAvkC/QMLAxIDGwORA5YDmQOmA6sAAAAAAAACAQAAAAAAAAAoAAAAAAAAAAAAAAAAAAADvQ==}}

@article{PetersSurvey,
	Author = {Nils Peters and Georgios Marentakis and Stephen McAdams},
	Date-Added = {2012-08-13 15:00:49 -0700},
	Date-Modified = {2012-08-13 15:00:49 -0700},
	Journal = {Computer Music Journal},
	Number = {1},
	Pages = {10--27},
	Title = {Current technologies and compositional practices for spatialization: A qualitative and quantitative analysis},
	Volume = {35},
	Year = {2011},
	Bdsk-Url-1 = {http://muse.jhu.edu/login?uri=/journals/computer_music_journal/v035/35.1.peters.pdf}}

@unpublished{SpatDIF_0.2,
	Author = {Nils Peters and Jan Schacher and Trond Lossius},
	Date-Added = {2012-07-12 22:32:34 -0600},
	Date-Modified = {2012-07-12 22:32:34 -0600},
	Note = {\url{http://redmine.spatdif.org/attachments/download/97/SpatDIF-specs-V0.2.pdf}},
	Title = {SpatDIF specification Version 0.2, draft version - rev. 105},
	Year = {2011}}

@inproceedings{SpatDIF-SMC12,
	Address = {Copenhagen, DK},
	Author = {Nils Peters and Trond Lossius and Jan C. Schacher},
	Booktitle = {Proc. of the 9th Sound and Music Computing Conference},
	Date-Added = {2012-07-12 22:03:32 -0600},
	Date-Modified = {2012-10-31 10:21:38 +0900},
	Pages = {500--505},
	Title = {{SpatDIF}: Principles, Specification, and Examples},
	Year = {2012}}

@manual{FMOD,
	Note = {\url{http://www.fmod.org}}}

@url{irrKlang,
	Note = {\url{http://www.ambiera.com/irrklang}}}

@book{maederMilieuxBook,
	Address = {Bielefeld},
	Date-Added = {2012-04-06 10:31:50 +0200},
	Date-Modified = {2012-05-07 12:46:30 -0700},
	Editor = {Marcus Maeder},
	Publisher = {Transcript Verlag},
	Title = {Milieux Sonores - Klangliche Milieus. Klang, Raum und Virtualit{\"a}t.},
	Year = {2010}}

@article{PottierTurenasInteractive,
	Author = {Laurent Pottier},
	Date-Added = {2012-04-04 16:01:38 -0700},
	Date-Modified = {2012-10-28 17:03:28 -0700},
	Journal = {Musimediane},
	Number = {6},
	Pages = {\url{http://www.musimediane.com/numero6/POTTIER/index.html}, last accessed Oct. 2012},
	Title = {Turenas (1972) de John Chowning, vers une version interactive},
	Year = {2011},
	Bdsk-Url-1 = {http://www.musimediane.com/numero6/POTTIER/index.html}}

@book{midi:1996spec,
	Author = {{The MIDI Manufacturers Association}},
	Date-Added = {2012-04-04 15:22:46 +0000},
	Date-Modified = {2012-04-04 15:31:53 +0000},
	Institution = {{The MIDI Manufacturers Association}},
	Keywords = {MIDI},
	Publisher = {{The MIDI Manufacturers Association}},
	Title = {{The Complete MIDI 1.0 Detailed Specification. Version 96.1 Second Edition}},
	Year = {2001}}

@misc{x3d,
	Author = {{Web3D Consortium}},
	Date-Added = {2012-03-31 23:50:23 -0700},
	Date-Modified = {2012-10-28 17:04:00 -0700},
	Note = {\\\url{http://www.web3d.org/x3d/}, last accessed Oct. 2012},
	Title = {{eXtensible 3D (X3D)}},
	Year = 2004}

@inproceedings{hoffmann2003independent,
	Address = {Boston, USA},
	Author = {Hoffmann, H. and Dachselt, R. and Meissner, K.},
	Booktitle = {Proc. of the Int'l Conference on Auditory Display},
	Date-Added = {2012-03-31 23:40:30 -0700},
	Date-Modified = {2012-10-31 09:42:33 +0900},
	Pages = {99--102},
	Title = {An independent declarative {3D} audio format on the basis of {XML}},
	Year = {2003}}

@phdthesis{HarleyPhD94,
	Abstract = {This dissertation presents the history of space in the musical thought of the 20th- century (from Kurth to Clifton, from Varese to Xenakis) and outlines the development of spatialization in the theory and practice of contemporary music (after 1950). The text emphasizes perceptual and temporal aspects of musical spatiality, thus reflecting the close connection of space and time in human experience.

A new definition of spatialization draws from Ingarden's notion of the musical work; a new typology of spatial designs embraces music for different acoustic environments, movements of performers and audiences, various positions of musicians in space, etc. The study of spatialization includes a survey of the writings of many composers (e.g. Ives, Boulez, Stockhausen, Cage) and an examination of their compositions. The final part of the dissertation presents three approaches to spatialization: Brant's simultaneity of sound layers, Xenakis's movement of sound, and Schafer's music of ritual and soundscape. },
	Address = {Montreal, Canada},
	Author = {Maria Anna Harley},
	Date-Added = {2012-03-31 17:24:58 -0700},
	Date-Modified = {2012-03-31 17:24:58 -0700},
	School = {McGill University},
	Title = {Space and Spatialization in Contemporary Music: History and Analysis, Ideas and Implementations},
	Year = {1994}}

@misc{Zvonar99,
	Author = {Richard Zvonar},
	Date-Added = {2012-03-31 17:22:35 -0700},
	Date-Modified = {2012-03-31 17:22:35 -0700},
	Howpublished = {\url{http://cec.sonus.ca/econtact/Multichannel/spatial_music.html}, accessed Sep 2011},
	Keywords = {spatial music},
	Title = {A History Of Spatial Music},
	Year = {1999},
	Bdsk-File-1 = {YnBsaXN0MDDUAQIDBAUIJidUJHRvcFgkb2JqZWN0c1gkdmVyc2lvblkkYXJjaGl2ZXLRBgdUcm9vdIABqAkKFRYXGyIjVSRudWxs0wsMDQ4RFFpOUy5vYmplY3RzV05TLmtleXNWJGNsYXNzog8QgASABqISE4ACgAOAB1lhbGlhc0RhdGFccmVsYXRpdmVQYXRo0hgNGRpXTlMuZGF0YU8RAloAAAAAAloAAgAADE1hY2ludG9zaCBIRAAAAAAAAAAAAAAAAAAAAMjaIU1IKwAAAA4Gzx9BIEhpc3RvcnkgT2YgU3BhdGlhbCBNdXNpI0UwNkQwAAAAAAAAAAAAAAAAAAAAAAAAAAAAAAAAAAAAAAAAAAAADgbQwNpp7AAAAAAAAAAAAAQABwAACSAAAAAAAAAAAAAAAAAAAAABZQAAEAAIAADI2aK9AAAAEQAIAADA2etcAAAAAQAgAA4GzwAOBmoADf83AA3/AQAITDQACEwhAAhMIAAAkyUAAgCBTWFjaW50b3NoIEhEOlVzZXJzOm5pbHNwZXRlcnM6TGlicmFyeTpBcHBsaWNhdGlvbiBTdXBwb3J0OkRFVk9OdGhpbmsgMjpGaWxlcy5ub2luZGV4OndlYmFyY2hpdmU6ZTpBIEhpc3RvcnkgT2YgU3BhdGlhbCBNdXNpI0UwNkQwAAAOAEwAJQBBACAASABpAHMAdABvAHIAeQAgAE8AZgAgAFMAcABhAHQAaQBhAGwAIABNAHUAcwBpAGMALgB3AGUAYgBhAHIAYwBoAGkAdgBlAA8AGgAMAE0AYQBjAGkAbgB0AG8AcwBoACAASABEABIAelVzZXJzL25pbHNwZXRlcnMvTGlicmFyeS9BcHBsaWNhdGlvbiBTdXBwb3J0L0RFVk9OdGhpbmsgMi9GaWxlcy5ub2luZGV4L3dlYmFyY2hpdmUvZS9BIEhpc3RvcnkgT2YgU3BhdGlhbCBNdXNpYy53ZWJhcmNoaXZlABMAAS8AABUAAgAR//8AAIAF0hwdHh9YJGNsYXNzZXNaJGNsYXNzbmFtZaMfICFdTlNNdXRhYmxlRGF0YVZOU0RhdGFYTlNPYmplY3RfEHUuLi8uLi8uLi8uLi9MaWJyYXJ5L0FwcGxpY2F0aW9uIFN1cHBvcnQvREVWT050aGluayAyL0ZpbGVzLm5vaW5kZXgvd2ViYXJjaGl2ZS9lL0EgSGlzdG9yeSBPZiBTcGF0aWFsIE11c2ljLndlYmFyY2hpdmXSHB0kJaIlIVxOU0RpY3Rpb25hcnkSAAGGoF8QD05TS2V5ZWRBcmNoaXZlcgAIABEAFgAfACgAMgA1ADoAPABFAEsAUgBdAGUAbABvAHEAcwB2AHgAegB8AIYAkwCYAKAC/gMAAwUDDgMZAx0DKwMyAzsDswO4A7sDyAPNAAAAAAAAAgEAAAAAAAAAKAAAAAAAAAAAAAAAAAAAA98=},
	Bdsk-Url-1 = {http://cec.concordia.ca/econtact/Multichannel/spatial_music.html}}

@inproceedings{Bisig_Flowspace_NIME,
	Address = {Oslo, Norway},
	Author = {Daniel Bisig and Jan C. Schacher and Martin Neukom},
	Booktitle = {Proc. of the International Conference on New Interfaces for Musical Expression},
	Date-Added = {2012-03-27 19:20:25 +0200},
	Date-Modified = {2012-10-28 16:34:24 -0700},
	Pages = {260--263},
	Title = {Flowspace -- A Hybrid Ecosystem},
	Year = {2011}}

@inproceedings{Schacher_FLOWSPACE,
	Address = {Huddersfield, UK},
	Author = {Jan C. Schacher and Daniel Bisig and Martin Neukom},
	Booktitle = {Proc. of the International Computer Music Conference},
	Date-Added = {2012-03-27 19:17:17 +0200},
	Date-Modified = {2012-10-28 16:35:50 -0700},
	Pages = {100--107},
	Title = {Composing With Swarm Algorithms -- Creating Interactive Audio-Visual Pieces Using Flocking Behaviour},
	Year = {2011}}

@techreport{MIDI3D,
	Author = {{Creative Technology}},
	Date-Added = {2012-03-20 11:40:14 -0700},
	Date-Modified = {2012-10-31 13:44:47 +0900},
	Institution = {MIDI Manufacturers Association},
	Title = {Three Dimensional Sound Controllers (RP-049)},
	Type = {\url{http://www.midi.org/techspecs/rp49public.pdf}, last accessed {O}ct. 2012},
	Year = {2009},
	Bdsk-File-1 = {YnBsaXN0MDDUAQIDBAUIJidUJHRvcFgkb2JqZWN0c1gkdmVyc2lvblkkYXJjaGl2ZXLRBgdUcm9vdIABqAkKFRYXGyIjVSRudWxs0wsMDQ4RFFpOUy5vYmplY3RzV05TLmtleXNWJGNsYXNzog8QgASABqISE4ACgAOAB1lhbGlhc0RhdGFccmVsYXRpdmVQYXRo0hgNGRpXTlMuZGF0YU8RAXoAAAAAAXoAAgAADE1hY2ludG9zaCBIRAAAAAAAAAAAAAAAAAAAAMjZQE1IKwAAAzaMFQ5ycDQ5cHVibGljLnBkZgAAAAAAAAAAAAAAAAAAAAAAAAAAAAAAAAAAAAAAAAAAAAAAAAAAAAAAAAAAAAAAAAADeHJYyhfXEgAAAAAAAAAAAAQAAgAACSAAAAAAAAAAAAAAAAAAAAAGLlRyYXNoABAACAAAyNmivQAAABEACAAAyhg5ggAAAAEADAM2jBUACEwgAACTJQACADNNYWNpbnRvc2ggSEQ6VXNlcnM6bmlsc3BldGVyczouVHJhc2g6cnA0OXB1YmxpYy5wZGYAAA4AHgAOAHIAcAA0ADkAcAB1AGIAbABpAGMALgBwAGQAZgAPABoADABNAGEAYwBpAG4AdABvAHMAaAAgAEgARAASACZVc2Vycy9uaWxzcGV0ZXJzLy5UcmFzaC9ycDQ5cHVibGljLnBkZgATAAEvAAAVAAIAEf//AACABdIcHR4fWCRjbGFzc2VzWiRjbGFzc25hbWWjHyAhXU5TTXV0YWJsZURhdGFWTlNEYXRhWE5TT2JqZWN0XxAhLi4vLi4vLi4vLi4vLlRyYXNoL3JwNDlwdWJsaWMucGRm0hwdJCWiJSFcTlNEaWN0aW9uYXJ5EgABhqBfEA9OU0tleWVkQXJjaGl2ZXIACAARABYAHwAoADIANQA6ADwARQBLAFIAXQBlAGwAbwBxAHMAdgB4AHoAfACGAJMAmACgAh4CIAIlAi4COQI9AksCUgJbAn8ChAKHApQCmQAAAAAAAAIBAAAAAAAAACgAAAAAAAAAAAAAAAAAAAKr}}

@unpublished{SpatDIF_03,
	Author = {Nils Peters and Jan Schacher and Trond Lossius},
	Date-Added = {2012-03-20 11:22:48 -0700},
	Date-Modified = {2012-10-28 17:02:44 -0700},
	Note = {\url{http://redmine.spatdif.org/projects/spatdif/files}, last accessed Oct. 2012},
	Title = {{SpatDIF} specification Version 0.3, draft version},
	Year = {2010--2012}}

@inproceedings{potard2003encoding,
	Address = {Singapore},
	Author = {Potard, G. and Ingham, S.},
	Booktitle = {Proc. of the International Computer Music Conference},
	Date-Added = {2012-03-19 18:37:23 -0700},
	Date-Modified = {2012-10-31 10:05:12 +0900},
	Pages = {65--74},
	Title = {Encoding {3D} sound scenes and music in {XML}},
	Year = {2003},
	Bdsk-Url-1 = {http://nagasm.org/ASL/icmc2003/closed/CR1038.PDF}}

@inproceedings{chowningturenas,
	Address = {Saint-Etienne, France},
	Author = {Chowning, J.},
	Booktitle = {Proc. of the 17es Journ{\'e}es d'Informatique Musicale},
	Date-Added = {2012-03-19 18:32:51 -0700},
	Date-Modified = {2012-05-07 12:44:50 -0700},
	Title = {Turenas: the realization of a dream},
	Year = {2011}}

@inproceedings{Peters:2008spatdif,
	Address = {Belfast, UK},
	Author = {Nils Peters},
	Booktitle = {Proc. of the International Computer Music Conference},
	Date-Added = {2012-03-19 17:52:40 -0700},
	Date-Modified = {2012-10-31 19:24:24 +0900},
	Keywords = {spatialisation, SpatDIF, Jamoma},
	Pages = {299--300},
	Title = {{Proposing SpatDIF - The Spatial Sound Description Interchange Format}},
	Year = {2008},
	Bdsk-File-1 = {YnBsaXN0MDDUAQIDBAUIJidUJHRvcFgkb2JqZWN0c1gkdmVyc2lvblkkYXJjaGl2ZXLRBgdUcm9vdIABqAkKFRYXGyIjVSRudWxs0wsMDQ4RFFpOUy5vYmplY3RzV05TLmtleXNWJGNsYXNzog8QgASABqISE4ACgAOAB1lhbGlhc0RhdGFccmVsYXRpdmVQYXRo0hgNGRpXTlMuZGF0YU8RAe4AAAAAAe4AAgAADE1hY2ludG9zaCBIRAAAAAAAAAAAAAAAAAAAAMjaIU1IKwAAAC/rkhJJQ01DMDgtU3BhdERJRi5wZGYAAAAAAAAAAAAAAAAAAAAAAAAAAAAAAAAAAAAAAAAAAAAAAAAAAAAAAAAAAAAAL+uWxEWKtQAAAAAAAAAAAAMABAAACSAAAAAAAAAAAAAAAAAAAAARMjAwOF9JQ01DX1NwYXRESUYAABAACAAAyNmivQAAABEACAAAxEUMJQAAAAEAGAAv65IAL+qjAC/n5AAITC0ACEwgAACTJQACAF1NYWNpbnRvc2ggSEQ6VXNlcnM6bmlsc3BldGVyczpEb2N1bWVudHM6cHVibGljYXRpb25zOm9sZDoyMDA4X0lDTUNfU3BhdERJRjpJQ01DMDgtU3BhdERJRi5wZGYAAA4AJgASAEkAQwBNAEMAMAA4AC0AUwBwAGEAdABEAEkARgAuAHAAZABmAA8AGgAMAE0AYQBjAGkAbgB0AG8AcwBoACAASABEABIAUFVzZXJzL25pbHNwZXRlcnMvRG9jdW1lbnRzL3B1YmxpY2F0aW9ucy9vbGQvMjAwOF9JQ01DX1NwYXRESUYvSUNNQzA4LVNwYXRESUYucGRmABMAAS8AABUAAgAR//8AAIAF0hwdHh9YJGNsYXNzZXNaJGNsYXNzbmFtZaMfICFdTlNNdXRhYmxlRGF0YVZOU0RhdGFYTlNPYmplY3RfED4uLi8uLi8uLi9wdWJsaWNhdGlvbnMvb2xkLzIwMDhfSUNNQ19TcGF0RElGL0lDTUMwOC1TcGF0RElGLnBkZtIcHSQloiUhXE5TRGljdGlvbmFyeRIAAYagXxAPTlNLZXllZEFyY2hpdmVyAAgAEQAWAB8AKAAyADUAOgA8AEUASwBSAF0AZQBsAG8AcQBzAHYAeAB6AHwAhgCTAJgAoAKSApQCmQKiAq0CsQK/AsYCzwMQAxUDGAMlAyoAAAAAAAACAQAAAAAAAAAoAAAAAAAAAAAAAAAAAAADPA==}}

@article{peters_caa07,
	Author = {Nils Peters and Sean Ferguson and Stephen McAdams},
	Date-Added = {2012-03-19 17:49:41 -0700},
	Date-Modified = {2012-10-31 19:40:53 +0900},
	Journal = {Canadian Acoustics},
	Number = {3},
	Pages = {64--65},
	Title = {{Towards a Spatial Sound Description Interchange Format (SpatDIF)}},
	Volume = {35},
	Year = {2007}}

@inproceedings{2008ICMCpanel,
	Address = {Belfast, UK},
	Author = {Kendall, Gary S. and Peters, Nils and Matthias Geier},
	Booktitle = {Proc. of the International Computer Music Conference},
	Date-Added = {2012-03-19 17:48:07 -0700},
	Date-Modified = {2012-03-19 17:48:07 -0700},
	Keywords = {spatialisation, SpatDIF, Jamoma},
	Pages = {295-296},
	Title = {Towards an Interchange Format for Spatial Audio Scenes},
	Year = {2008},
	Bdsk-File-1 = {YnBsaXN0MDDUAQIDBAUIJidUJHRvcFgkb2JqZWN0c1gkdmVyc2lvblkkYXJjaGl2ZXLRBgdUcm9vdIABqAkKFRYXGyIjVSRudWxs0wsMDQ4RFFpOUy5vYmplY3RzV05TLmtleXNWJGNsYXNzog8QgASABqISE4ACgAOAB1lhbGlhc0RhdGFccmVsYXRpdmVQYXRo0hgNGRpXTlMuZGF0YU8RAhIAAAAAAhIAAgAADE1hY2ludG9zaCBIRAAAAAAAAAAAAAAAAAAAAMjaIU1IKwAAAC/rcRZJQ01DMDgtcGFuZWxfRklOQUwucGRmAAAAAAAAAAAAAAAAAAAAAAAAAAAAAAAAAAAAAAAAAAAAAAAAAAAAAAAAL+t/xEG0RQAAAAAAAAAAAAMABAAACSAAAAAAAAAAAAAAAAAAAAAYMjAwOC1JQ01DLXBhbmVsLXByb3Bvc2FsABAACAAAyNmivQAAABEACAAAxEE1tQAAAAEAGAAv63EAL+qjAC/n5AAITC0ACEwgAACTJQACAGhNYWNpbnRvc2ggSEQ6VXNlcnM6bmlsc3BldGVyczpEb2N1bWVudHM6cHVibGljYXRpb25zOm9sZDoyMDA4LUlDTUMtcGFuZWwtcHJvcG9zYWw6SUNNQzA4LXBhbmVsX0ZJTkFMLnBkZgAOAC4AFgBJAEMATQBDADAAOAAtAHAAYQBuAGUAbABfAEYASQBOAEEATAAuAHAAZABmAA8AGgAMAE0AYQBjAGkAbgB0AG8AcwBoACAASABEABIAW1VzZXJzL25pbHNwZXRlcnMvRG9jdW1lbnRzL3B1YmxpY2F0aW9ucy9vbGQvMjAwOC1JQ01DLXBhbmVsLXByb3Bvc2FsL0lDTUMwOC1wYW5lbF9GSU5BTC5wZGYAABMAAS8AABUAAgAR//8AAIAF0hwdHh9YJGNsYXNzZXNaJGNsYXNzbmFtZaMfICFdTlNNdXRhYmxlRGF0YVZOU0RhdGFYTlNPYmplY3RfEEkuLi8uLi8uLi9wdWJsaWNhdGlvbnMvb2xkLzIwMDgtSUNNQy1wYW5lbC1wcm9wb3NhbC9JQ01DMDgtcGFuZWxfRklOQUwucGRm0hwdJCWiJSFcTlNEaWN0aW9uYXJ5EgABhqBfEA9OU0tleWVkQXJjaGl2ZXIACAARABYAHwAoADIANQA6ADwARQBLAFIAXQBlAGwAbwBxAHMAdgB4AHoAfACGAJMAmACgArYCuAK9AsYC0QLVAuMC6gLzAz8DRANHA1QDWQAAAAAAAAIBAAAAAAAAACgAAAAAAAAAAAAAAAAAAANr}}

@inproceedings{bresson2011representation,
	Address = {Huddersfield, UK},
	Author = {Bresson, J. and Schumacher, M.},
	Booktitle = {Proc. of the International Computer Music Conference},
	Date-Added = {2012-03-19 17:47:27 -0700},
	Date-Modified = {2012-10-28 16:37:34 -0700},
	Pages = {83--87},
	Title = {Representation and Interchange of Sound Spatialization Data for Compositional Applications},
	Year = {2011}}

@article{scheirer1999audiobifs,
	Author = {Scheirer, E.D. and Vaananen, R. and Huopaniemi, J.},
	Date-Added = {2012-03-19 17:45:16 -0700},
	Date-Modified = {2012-05-07 12:35:11 -0700},
	Journal = {IEEE Transactions on Multimedia},
	Number = {3},
	Pages = {237--250},
	Publisher = {IEEE},
	Title = {{AudioBIFS}: Describing audio scenes with the {MPEG-4} multimedia standard},
	Volume = {1},
	Year = {1999}}

@article{Vaananen:2004lr,
	Author = {Vaananen, R. and Huopaniemi, J.},
	Date-Added = {2012-03-19 17:44:27 -0700},
	Date-Modified = {2012-03-19 17:44:27 -0700},
	Isbn = {1520-9210},
	Journal = {Multimedia, IEEE Transactions on},
	Journal1 = {Multimedia, IEEE Transactions on},
	Keywords = {audio acoustics; audio coding; audio databases; audio-visual systems; solid modelling; virtual reality; visual databases; 3D audiovisual scene; 3D sound environment; BInary Format for Scenes; MPEG-4 scene description language; virtual acoustics},
	Number = {5},
	Pages = {661--675},
	Title = {Advanced {AudioBIFS}: virtual acoustics modeling in {MPEG-4} scene description},
	Ty = {JOUR},
	Volume = {6},
	Year = {2004},
	Bdsk-File-1 = {YnBsaXN0MDDUAQIDBAUIJidUJHRvcFgkb2JqZWN0c1gkdmVyc2lvblkkYXJjaGl2ZXLRBgdUcm9vdIABqAkKFRYXGyIjVSRudWxs0wsMDQ4RFFpOUy5vYmplY3RzV05TLmtleXNWJGNsYXNzog8QgASABqISE4ACgAOAB1lhbGlhc0RhdGFccmVsYXRpdmVQYXRo0hgNGRpXTlMuZGF0YU8RAkAAAAAAAkAAAgAADE1hY2ludG9zaCBIRAAAAAAAAAAAAAAAAAAAAMjaIU1IKwAAAA4EYx9WYWFuYW5lbjA0LUFkdmFuY2VkIEEjRTA0ODQucGRmAAAAAAAAAAAAAAAAAAAAAAAAAAAAAAAAAAAAAAAAAAAADgSEwsSuzAAAAAAAAAAAAAQABwAACSAAAAAAAAAAAAAAAAAAAAABYgAAEAAIAADI2aK9AAAAEQAIAADCxDA8AAAAAQAgAA4EYwAN/48ADf83AA3/AQAITDQACEwhAAhMIAAAkyUAAgB6TWFjaW50b3NoIEhEOlVzZXJzOm5pbHNwZXRlcnM6TGlicmFyeTpBcHBsaWNhdGlvbiBTdXBwb3J0OkRFVk9OdGhpbmsgMjpGaWxlcy5ub2luZGV4OnBkZjpiOlZhYW5hbmVuMDQtQWR2YW5jZWQgQSNFMDQ4NC5wZGYADgBEACEAVgBhAGEAbgBhAG4AZQBuADAANAAtAEEAZAB2AGEAbgBjAGUAZAAgAEEAdQBkAGkAbwBCAEkARgBTAC4AcABkAGYADwAaAAwATQBhAGMAaQBuAHQAbwBzAGgAIABIAEQAEgBvVXNlcnMvbmlsc3BldGVycy9MaWJyYXJ5L0FwcGxpY2F0aW9uIFN1cHBvcnQvREVWT050aGluayAyL0ZpbGVzLm5vaW5kZXgvcGRmL2IvVmFhbmFuZW4wNC1BZHZhbmNlZCBBdWRpb0JJRlMucGRmAAATAAEvAAAVAAIAEf//AACABdIcHR4fWCRjbGFzc2VzWiRjbGFzc25hbWWjHyAhXU5TTXV0YWJsZURhdGFWTlNEYXRhWE5TT2JqZWN0XxBqLi4vLi4vLi4vLi4vTGlicmFyeS9BcHBsaWNhdGlvbiBTdXBwb3J0L0RFVk9OdGhpbmsgMi9GaWxlcy5ub2luZGV4L3BkZi9iL1ZhYW5hbmVuMDQtQWR2YW5jZWQgQXVkaW9CSUZTLnBkZtIcHSQloiUhXE5TRGljdGlvbmFyeRIAAYagXxAPTlNLZXllZEFyY2hpdmVyAAgAEQAWAB8AKAAyADUAOgA8AEUASwBSAF0AZQBsAG8AcQBzAHYAeAB6AHwAhgCTAJgAoALkAuYC6wL0Av8DAwMRAxgDIQOOA5MDlgOjA6gAAAAAAAACAQAAAAAAAAAoAAAAAAAAAAAAAAAAAAADug==}}

@manual{openAL-spec1.1,
	Author = {Garin Hiebert},
	Date-Added = {2012-03-19 17:43:36 -0700},
	Date-Modified = {2012-03-19 17:43:36 -0700},
	Title = {{OpenAL 1.1 Specification and Reference}},
	Year = {2005}}

@inproceedings{SpatOSC,
	Address = {Ljubljana, Slovenia},
	Author = {Mike Wozniewski and Alexandre Quessy and Zack Settel},
	Booktitle = {Proc. International Computer Music Conference},
	Date-Added = {2012-03-19 17:41:53 -0700},
	Date-Modified = {2012-10-31 13:46:42 +0900},
	Pages = {512--517},
	Title = {{SpatOSC}: Providing abstraction for the authoring of interactive spatial audio experiences},
	Year = {2012}}

@article{geier2010object,
	Author = {Geier, M. and Ahrens, J. and Spors, S.},
	Date-Added = {2012-03-19 17:41:39 -0700},
	Date-Modified = {2012-05-04 22:15:19 -0700},
	Journal = {Organised Sound},
	Number = {03},
	Pages = {219--227},
	Publisher = {Cambridge Univ Press},
	Title = {Object-based audio reproduction and the {Audio Scene Description Format}},
	Volume = {15},
	Year = {2010}}

@inproceedings{PetersSMC09,
	Address = {Porto, PT},
	Author = {Nils Peters and Trond Lossius and Jan C. Schacher and Pascal Baltazar and Charles Bascou and Timothy Place},
	Booktitle = {Proc. of the 6th Sound and Music Computing Conference},
	Date-Added = {2012-03-19 15:39:50 -0700},
	Date-Modified = {2012-07-12 22:14:06 -0600},
	Pages = {219--224},
	Title = {A stratified approach for sound spatialization},
	Year = {2009},
	Bdsk-Url-1 = {http://smcnetwork.org/files/proceedings/2009/299.pdf}}
